ISA*00*          *00*          *ZZ*EMEDNYBAT      *ZZ*AKEL           *180702*0705*^*00501*183082674*0*P*:~GS*HP*EMEDNYBAT*AKEL*20180702*07055300*183082674*X*005010X221A1~ST*835*213002393~BPR*I*44593.79*C*ACH*CCP*01*021300556*DA*320993201765*1141797357**01*021000021*DA*125170230*20180704~TRN*1*021300078140970*1141797357~REF*EV*AKEL~DTM*405*20180618~N1*PR*NYSDOH~N3*OFFICE OF HEALTH INSURANCE PROGRAMS*CORNING TOWER, EMPIRE STATE PLAZA~N4*ALBANY*NY*122370080~PER*BL*PROVIDER SERVICES*TE*8003439000*UR*www.emedny.org~N1*PE*CLEAN AIR CAR SERVICE & PARKING COR*FI*452765257~N4*FLUSHING*NY*113542523~REF*PQ*03563146~LX*1~CLP*519771950*1*50.4*0**MC*1816300145043720*99*1~NM1*QC*1*SANTIAGO*ROSA****MI*SK42824S~NM1*74*1*SANTIAGO*ROSA*M~REF*EA*519771950~DTM*232*20171113~DTM*233*20171113~SVC*HC:A0100*50.4*0**0~DTM*472*20171113~CAS*CO*29*50.4~REF*G1*91124654962~CLP*515278280*1*176.16*0**MC*1816300145043820*99*1~NM1*QC*1*JIMENEZHERNANDEZ*YARELI****MI*QF55959D~NM1*74*1*JIMENEZHERNANDEZ*YARELI*D~REF*EA*515278280~DTM*232*20171106~DTM*233*20171106~SVC*HC:A0100*50.4*0**0~DTM*472*20171106~CAS*CO*29*50.4~REF*G1*41125681320~SVC*HC:A0100:TN*70*0**0~DTM*472*20171106~CAS*CO*29*70~REF*G1*41125681320~SVC*HC:A0100:SC*50*0**0~DTM*472*20171106~CAS*CO*29*50~REF*G1*41125681320~SVC*HC:A0170:CG*5.76*0**0~DTM*472*20171106~CAS*CO*29*5.76~REF*G1*41125681320~CLP*525863220*1*50.4*0**MC*1816300145043920*99*1~NM1*QC*1*YUNG*GLORIA****MI*UA10312F~REF*EA*525863220~DTM*232*20171122~DTM*233*20171122~SVC*HC:A0100*50.4*0**0~DTM*472*20171122~CAS*CO*29*50.4~REF*G1*01125058117~CLP*524357580*1*111.92*0**MC*1816300145044020*99*1~NM1*QC*1*HARMON*JOHN****MI*ST38406Z~NM1*74*1*HARMON*JOHN*F~REF*EA*524357580~DTM*232*20171117~DTM*233*20171117~SVC*HC:A0100*50.4*0**0~DTM*472*20171117~CAS*CO*29*50.4~REF*G1*71124643851~SVC*HC:A0100:SC*50*0**0~DTM*472*20171117~CAS*CO*29*50~REF*G1*71124643851~SVC*HC:A0170:CG*11.52*0**0~DTM*472*20171117~CAS*CO*29*11.52~REF*G1*71124643851~CLP*514629350*1*50.4*0**MC*1816300145044320*99*1~NM1*QC*1*YUNG*GLORIA****MI*UA10312F~REF*EA*514629350~DTM*232*20171114~DTM*233*20171114~SVC*HC:A0100*50.4*0**0~DTM*472*20171114~CAS*CO*29*50.4~REF*G1*21124654932~CLP*514629340*1*50.4*0**MC*1816300145044420*99*1~NM1*QC*1*YUNG*GLORIA****MI*UA10312F~REF*EA*514629340~DTM*232*20171109~DTM*233*20171109~SVC*HC:A0100*50.4*0**0~DTM*472*20171109~CAS*CO*29*50.4~REF*G1*41124527570~CLP*514629320*1*50.4*0**MC*1816300145044520*99*1~NM1*QC*1*YUNG*GLORIA****MI*UA10312F~REF*EA*514629320~DTM*232*20171102~DTM*233*20171102~SVC*HC:A0100*50.4*0**0~DTM*472*20171102~CAS*CO*29*50.4~REF*G1*01124125310~CLP*508947870*1*50.4*0**MC*1816300145044620*99*1~NM1*QC*1*YUNG*CAESAR****MI*UU29016Z~REF*EA*508947870~DTM*232*20171120~DTM*233*20171120~SVC*HC:A0100*50.4*0**0~DTM*472*20171120~CAS*CO*29*50.4~REF*G1*51125005494~CLP*508956010*1*50.4*0**MC*1816300145044720*99*1~NM1*QC*1*YUNG*FELTON****MI*UU29036R~REF*EA*508956010~DTM*232*20171120~DTM*233*20171120~SVC*HC:A0100*50.4*0**0~DTM*472*20171120~CAS*CO*29*50.4~REF*G1*51125057672~CLP*525252030*1*50.4*0**MC*1816300145044820*99*1~NM1*QC*1*VORA*SWATIBEN****MI*NC76974F~NM1*74*1*VORA*SWATIBEN*A~REF*EA*525252030~DTM*232*20171121~DTM*233*20171121~SVC*HC:A0100*50.4*0**0~DTM*472*20171121~CAS*CO*29*50.4~REF*G1*31125064287~CLP*522301260*1*25.2*0**MC*1816300145045020*99*1~NM1*QC*1*MILLER*TERI****MI*ZW58156B~NM1*74*1*MILLER*TERI*L~REF*EA*522301260~DTM*232*20171110~DTM*233*20171110~SVC*HC:A0100*25.2*0**0~DTM*472*20171110~CAS*CO*29*25.2~REF*G1*71124466863~CLP*508947810*1*50.4*0**MC*1816300145045120*99*1~NM1*QC*1*YUNG*CAESAR****MI*UU29016Z~REF*EA*508947810~DTM*232*20171106~DTM*233*20171106~SVC*HC:A0100*50.4*0**0~DTM*472*20171106~CAS*CO*29*50.4~REF*G1*21124526647~CLP*479863850*1*50.4*0**MC*1816300145045220*99*1~NM1*QC*1*KUANG*CUI****MI*XA99269A~NM1*74*1*KUANG*CUI*Y~REF*EA*479863850~DTM*232*20171127~DTM*233*20171127~SVC*HC:A0100*50.4*0**0~DTM*472*20171127~CAS*CO*29*50.4~REF*G1*31125237679~CLP*519608500*1*50.4*0**MC*1816300145045320*99*1~NM1*QC*1*YOUNG*TANASIA****MI*VS85625F~NM1*74*1*YOUNG*TANASIA*D~REF*EA*519608500~DTM*232*20171102~DTM*233*20171102~SVC*HC:A0100*50.4*0**0~DTM*472*20171102~CAS*CO*29*50.4~REF*G1*11125077436~CLP*522172430*1*50.4*0**MC*1816300145045520*99*1~NM1*QC*1*BURTON*LESLIE****MI*ZB53121Q~REF*EA*522172430~DTM*232*20171116~DTM*233*20171116~SVC*HC:A0100*50.4*0**0~DTM*472*20171116~CAS*CO*29*50.4~REF*G1*81124636732~CLP*524321950*1*81.52*0**MC*1816300145045620*99*1~NM1*QC*1*MILLER*TERI****MI*ZW58156B~NM1*74*1*MILLER*TERI*L~REF*EA*524321950~DTM*232*20171120~DTM*233*20171120~SVC*HC:A0100:TN*70*0**0~DTM*472*20171120~CAS*CO*29*70~REF*G1*21125064278~SVC*HC:A0170:CG*11.52*0**0~DTM*472*20171120~CAS*CO*29*11.52~REF*G1*21125064278~CLP*517224590*1*70*0**MC*1816300145045720*99*1~NM1*QC*1*SUFIAN*SYED****MI*QT41837Q~NM1*74*1*SUFIAN*SYED*M~REF*EA*517224590~DTM*232*20171104~DTM*233*20171104~SVC*HC:A0100:TN*70*0**0~DTM*472*20171104~CAS*CO*29*70~REF*G1*01124367913~CLP*509344240*1*50.4*0**MC*1816300145045820*99*1~NM1*QC*1*LEGRAND*DELORIS****MI*ZC34612F~REF*EA*509344240~DTM*232*20171115~DTM*233*20171115~SVC*HC:A0100*50.4*0**0~DTM*472*20171115~CAS*CO*29*50.4~REF*G1*61124654855~CLP*525444040*1*50.4*0**MC*1816300145046020*99*1~NM1*QC*1*BATISTA*OBDULIA****MI*ZG92504N~REF*EA*525444040~DTM*232*20171120~DTM*233*20171120~SVC*HC:A0100*50.4*0**0~DTM*472*20171120~CAS*CO*29*50.4~REF*G1*11125058041~CLP*520593030*1*143.21*0**MC*1816300145046320*99*1~NM1*QC*1*TELEMAQUE*RICHARDELI****MI*MR28908W~NM1*74*1*TELEMAQUE*RICHARDELI*S~REF*EA*520593030~DTM*232*20171106~DTM*233*20171106~SVC*HC:A0100:TN*140*0**0~DTM*472*20171106~CAS*CO*29*140~REF*G1*31124581082~SVC*HC:S0215*3.21*0**0~DTM*472*20171106~CAS*CO*29*3.21~REF*G1*31124581082~CLP*520509600*1*25.2*0**MC*1816300145046420*99*1~NM1*QC*1*BURTON*LESLIE****MI*ZB53121Q~REF*EA*520509600~DTM*232*20171104~DTM*233*20171104~SVC*HC:A0100*25.2*0**0~DTM*472*20171104~CAS*CO*29*25.2~REF*G1*61124368660~CLP*520575950*1*114.94*0**MC*1816300145046620*99*1~NM1*QC*1*HULASIE*JEENARINE****MI*NS25067U~REF*EA*520575950~DTM*232*20171106~DTM*233*20171106~SVC*HC:A0100:TN*70*0**0~DTM*472*20171106~CAS*CO*29*70~REF*G1*91124580957~SVC*HC:S0215*44.94*0**0~DTM*472*20171106~CAS*CO*29*44.94~REF*G1*91124580957~CLP*517220990*1*70*0**MC*1816300145046720*99*1~NM1*QC*1*RAHMAN*SHAMIMA****MI*QT41827U~REF*EA*517220990~DTM*232*20171102~DTM*233*20171102~SVC*HC:A0100:TN*70*0**0~DTM*472*20171102~CAS*CO*29*70~REF*G1*91124202125~CLP*522687920*1*35*0**MC*1816300145046920*99*1~NM1*QC*1*SUFIAN*MOHAMMED****MI*QT41817Y~NM1*74*1*SUFIAN*MOHAMMED*M~REF*EA*522687920~DTM*232*20171122~DTM*233*20171122~SVC*HC:A0100:TN*35*0**0~DTM*472*20171122~CAS*CO*29*35~REF*G1*51125063852~CLP*521385930*1*70*0**MC*1816300145047020*99*1~NM1*QC*1*STEVENSON*WENDY****MI*XT15404E~REF*EA*521385930~DTM*232*20171108~DTM*233*20171108~SVC*HC:A0100:TN*70*0**0~DTM*472*20171108~CAS*CO*29*70~REF*G1*91124466928~CLP*523788000*1*82.84*0**MC*1816300145047220*99*1~NM1*QC*1*MENDEZ*CELIDA****MI*PM95015K~NM1*74*1*MENDEZ*CELIDA*M~REF*EA*523788000~DTM*232*20171118~DTM*233*20171118~SVC*HC:A0100:TN*70*0**0~DTM*472*20171118~CAS*CO*29*70~REF*G1*11124645471~SVC*HC:S0215*12.84*0**0~DTM*472*20171118~CAS*CO*29*12.84~REF*G1*11124645471~CLP*521873710*1*25.2*0**MC*1816300145047320*99*1~NM1*QC*1*AFTAB*ROKEYA****MI*VA02251K~REF*EA*521873710~DTM*232*20171113~DTM*233*20171113~SVC*HC:A0100*25.2*0**0~DTM*472*20171113~CAS*CO*29*25.2~REF*G1*71124654968~CLP*508955970*1*50.4*0**MC*1816300145047520*99*1~NM1*QC*1*YUNG*FELTON****MI*UU29036R~REF*EA*508955970~DTM*232*20171106~DTM*233*20171106~SVC*HC:A0100*50.4*0**0~DTM*472*20171106~CAS*CO*29*50.4~REF*G1*71124526697~CLP*508955980*1*50.4*0**MC*1816300145047620*99*1~NM1*QC*1*YUNG*FELTON****MI*UU29036R~REF*EA*508955980~DTM*232*20171108~DTM*233*20171108~SVC*HC:A0100*50.4*0**0~DTM*472*20171108~CAS*CO*29*50.4~REF*G1*21124526722~CLP*526942000*1*51.9*51.9**MC*1816300147850820*99*1~NM1*QC*1*YEUNG*SHOULIANG****MI*KJ81008U~REF*EA*526942000~DTM*232*20180515~DTM*233*20180515~AMT*AU*51.9~SVC*HC:A0100*51.9*51.9**2~DTM*472*20180515~REF*G1*31131736406~AMT*B6*51.9~CLP*612801220*1*301.84*301.84**MC*1816300147850920*99*1~NM1*QC*1*CAFFEY*SHARON****MI*XQ37608H~REF*EA*612801220~DTM*232*20180515~DTM*233*20180515~AMT*AU*301.84~SVC*HC:A0100:TN*140*140**4~DTM*472*20180515~REF*G1*41131741129~AMT*B6*140~SVC*HC:S0215*12.84*12.84**4~DTM*472*20180515~REF*G1*41131741129~AMT*B6*12.84~SVC*HC:S0215:TN*99*99**44~DTM*472*20180515~REF*G1*41131741129~AMT*B6*99~SVC*HC:A0100:SC*50*50**2~DTM*472*20180515~REF*G1*41131741129~AMT*B6*50~CLP*612800110*1*274.84*274.84**MC*1816300147851020*99*1~NM1*QC*1*CAFFEY*SHARON****MI*XQ37608H~REF*EA*612800110~DTM*232*20180514~DTM*233*20180514~AMT*AU*274.84~SVC*HC:A0100:TN*140*140**4~DTM*472*20180514~REF*G1*01131741102~AMT*B6*140~SVC*HC:S0215*12.84*12.84**4~DTM*472*20180514~REF*G1*01131741102~AMT*B6*12.84~SVC*HC:S0215:TN*72*72**32~DTM*472*20180514~REF*G1*01131741102~AMT*B6*72~SVC*HC:A0100:SC*50*50**2~DTM*472*20180514~REF*G1*01131741102~AMT*B6*50~CLP*612796610*1*51.9*51.9**MC*1816300147851120*99*1~NM1*QC*1*KING*CITY****MI*WY24356M~NM1*74*1*KING*CITY*T~REF*EA*612796610~DTM*232*20180516~DTM*233*20180516~AMT*AU*51.9~SVC*HC:A0100*51.9*51.9**2~DTM*472*20180516~REF*G1*51131741077~AMT*B6*51.9~CLP*612733200*1*51.9*51.9**MC*1816300147851220*99*1~NM1*QC*1*BINNS*OLGA****MI*RU91142Z~NM1*74*1*BINNS*OLGA*D~REF*EA*612733200~DTM*232*20180514~DTM*233*20180514~AMT*AU*51.9~SVC*HC:A0100*51.9*51.9**2~DTM*472*20180514~REF*G1*91131741051~AMT*B6*51.9~CLP*612732450*1*51.9*51.9**MC*1816300147851320*99*1~NM1*QC*1*BINNS*OLGA****MI*RU91142Z~NM1*74*1*BINNS*OLGA*D~REF*EA*612732450~DTM*232*20180516~DTM*233*20180516~AMT*AU*51.9~SVC*HC:A0100*51.9*51.9**2~DTM*472*20180516~REF*G1*21131741026~AMT*B6*51.9~CLP*612655410*1*70*70**MC*1816300147851420*99*1~NM1*QC*1*MELVIN*ANGELA****MI*XQ93651N~REF*EA*612655410~DTM*232*20180518~DTM*233*20180518~AMT*AU*70~SVC*HC:A0100:TN*70*70**2~DTM*472*20180518~REF*G1*91131740849~AMT*B6*70~CLP*612603840*1*51.9*51.9**MC*1816300147851520*99*1~NM1*QC*1*CHIU*FUNGSIN****MI*NA77401H~REF*EA*612603840~DTM*232*20180518~DTM*233*20180518~AMT*AU*51.9~SVC*HC:A0100*51.9*51.9**2~DTM*472*20180518~REF*G1*11131741074~AMT*B6*51.9~CLP*612603640*1*51.9*51.9**MC*1816300147851620*99*1~NM1*QC*1*CHIU*FUNGSIN****MI*NA77401H~REF*EA*612603640~DTM*232*20180517~DTM*233*20180517~AMT*AU*51.9~SVC*HC:A0100*51.9*51.9**2~DTM*472*20180517~REF*G1*11131741050~AMT*B6*51.9~CLP*612802440*1*301.84*301.84**MC*1816300147851720*99*1~NM1*QC*1*CAFFEY*SHARON****MI*XQ37608H~REF*EA*612802440~DTM*232*20180516~DTM*233*20180516~AMT*AU*301.84~SVC*HC:A0100:TN*140*140**4~DTM*472*20180516~REF*G1*11131741178~AMT*B6*140~SVC*HC:S0215*12.84*12.84**4~DTM*472*20180516~REF*G1*11131741178~AMT*B6*12.84~SVC*HC:S0215:TN*99*99**44~DTM*472*20180516~REF*G1*11131741178~AMT*B6*99~SVC*HC:A0100:SC*50*50**2~DTM*472*20180516~REF*G1*11131741178~AMT*B6*50~CLP*612930650*1*51.9*51.9**MC*1816300147851820*99*1~NM1*QC*1*MONTANEZ*PAULA****MI*ZW15437Y~NM1*74*1*MONTANEZ*PAULA*D~REF*EA*612930650~DTM*232*20180516~DTM*233*20180516~AMT*AU*51.9~SVC*HC:A0100*51.9*51.9**2~DTM*472*20180516~REF*G1*61131740930~AMT*B6*51.9~CLP*612917620*1*70*70**MC*1816300147851920*99*1~NM1*QC*1*HULASIE*JEENARINE****MI*NS25067U~REF*EA*612917620~DTM*232*20180516~DTM*233*20180516~AMT*AU*70~SVC*HC:A0100:TN*70*70**2~DTM*472*20180516~REF*G1*51131741232~AMT*B6*70~CLP*612909750*1*101.9*101.9**MC*1816300147852020*99*1~NM1*QC*1*BURTON*LESLIE****MI*ZB53121Q~REF*EA*612909750~DTM*232*20180516~DTM*233*20180516~AMT*AU*101.9~SVC*HC:A0100*51.9*51.9**2~DTM*472*20180516~REF*G1*11131741130~AMT*B6*51.9~SVC*HC:A0100:SC*50*50**2~DTM*472*20180516~REF*G1*11131741130~AMT*B6*50~CLP*612906360*1*51.9*51.9**MC*1816300147852120*99*1~NM1*QC*1*BURTON*LESLIE****MI*ZB53121Q~REF*EA*612906360~DTM*232*20180515~DTM*233*20180515~AMT*AU*51.9~SVC*HC:A0100*51.9*51.9**2~DTM*472*20180515~REF*G1*61131741029~AMT*B6*51.9~CLP*612892580*1*144.36*144.36**MC*1816300147852220*99*1~NM1*QC*1*SPENCER*ANITA****MI*RC76691N~NM1*74*1*SPENCER*ANITA*M~REF*EA*612892580~DTM*232*20180516~DTM*233*20180516~AMT*AU*144.36~SVC*HC:A0100:TN*70*70**2~DTM*472*20180516~REF*G1*61131740954~AMT*B6*70~SVC*HC:S0215*12.84*12.84**4~DTM*472*20180516~REF*G1*61131740954~AMT*B6*12.84~SVC*HC:A0100:SC*50*50**2~DTM*472*20180516~REF*G1*61131740954~AMT*B6*50~SVC*HC:A0170:CG*11.52*11.52**1~DTM*472*20180516~REF*G1*61131740954~AMT*B6*11.52~CLP*612891440*1*150.78*150.78**MC*1816300147852320*99*1~NM1*QC*1*SPENCER*ANITA****MI*RC76691N~NM1*74*1*SPENCER*ANITA*M~REF*EA*612891440~DTM*232*20180515~DTM*233*20180515~AMT*AU*150.78~SVC*HC:A0100:TN*70*70**2~DTM*472*20180515~REF*G1*91131740929~AMT*B6*70~SVC*HC:S0215*19.26*19.26**6~DTM*472*20180515~REF*G1*91131740929~AMT*B6*19.26~SVC*HC:A0100:SC*50*50**2~DTM*472*20180515~REF*G1*91131740929~AMT*B6*50~SVC*HC:A0170:CG*11.52*11.52**1~DTM*472*20180515~REF*G1*91131740929~AMT*B6*11.52~CLP*612878700*1*51.9*51.9**MC*1816300147852420*99*1~NM1*QC*1*BATISTA*OBDULIA****MI*ZG92504N~REF*EA*612878700~DTM*232*20180517~DTM*233*20180517~AMT*AU*51.9~SVC*HC:A0100*51.9*51.9**2~DTM*472*20180517~REF*G1*01131740853~AMT*B6*51.9~CLP*612878000*1*82.84*82.84**MC*1816300147852520*99*1~NM1*QC*1*BATISTA*OBDULIA****MI*ZG92504N~REF*EA*612878000~DTM*232*20180515~DTM*233*20180515~AMT*AU*82.84~SVC*HC:A0100:TN*70*70**2~DTM*472*20180515~REF*G1*51131740827~AMT*B6*70~SVC*HC:S0215*12.84*12.84**4~DTM*472*20180515~REF*G1*51131740827~AMT*B6*12.84~CLP*612850220*1*51.9*0**MC*1816300147852620*99*1~NM1*QC*1*ARTALE*ROBIN****MI*YA68418Q~REF*EA*612850220~DTM*232*20180515~DTM*233*20180515~SVC*HC:A0100*51.9*0**0~DTM*472*20180515~CAS*CO*183*51.9~REF*G1*81131741028~CLP*612603620*1*51.9*51.9**MC*1816300147852720*99*1~NM1*QC*1*CHIU*FUNGSIN****MI*NA77401H~REF*EA*612603620~DTM*232*20180516~DTM*233*20180516~AMT*AU*51.9~SVC*HC:A0100*51.9*51.9**2~DTM*472*20180516~REF*G1*61131741024~AMT*B6*51.9~CLP*612603530*1*51.9*51.9**MC*1816300147852820*99*1~NM1*QC*1*CHIU*FUNGSIN****MI*NA77401H~REF*EA*612603530~DTM*232*20180514~DTM*233*20180514~AMT*AU*51.9~SVC*HC:A0100*51.9*51.9**2~DTM*472*20180514~REF*G1*21131740999~AMT*B6*51.9~CLP*612115980*1*70*70**MC*1816300147852920*99*1~NM1*QC*1*CARLOS*LISA****MI*ZU91547R~REF*EA*612115980~DTM*232*20180514~DTM*233*20180514~AMT*AU*70~SVC*HC:A0100:TN*70*70**2~DTM*472*20180514~REF*G1*51131741119~AMT*B6*70~CLP*612089140*1*51.9*51.9**MC*1816300147853020*99*1~NM1*QC*1*TRABOULSY*CHRISTINA****MI*ZA17590R~REF*EA*612089140~DTM*232*20180517~DTM*233*20180517~AMT*AU*51.9~SVC*HC:A0100*51.9*51.9**2~DTM*472*20180517~REF*G1*21131740918~AMT*B6*51.9~CLP*612087830*1*51.9*51.9**MC*1816300147853120*99*1~NM1*QC*1*TRABOULSY*CHRISTINA****MI*ZA17590R~REF*EA*612087830~DTM*232*20180516~DTM*233*20180516~AMT*AU*51.9~SVC*HC:A0100*51.9*51.9**2~DTM*472*20180516~REF*G1*61131740893~AMT*B6*51.9~CLP*612085720*1*51.9*51.9**MC*1816300147853220*99*1~NM1*QC*1*TRABOULSY*CHRISTINA****MI*ZA17590R~REF*EA*612085720~DTM*232*20180514~DTM*233*20180514~AMT*AU*51.9~SVC*HC:A0100*51.9*51.9**2~DTM*472*20180514~REF*G1*31131740842~AMT*B6*51.9~CLP*612068400*1*51.9*51.9**MC*1816300147853320*99*1~NM1*QC*1*NARINE*ANITA****MI*NC09839N~REF*EA*612068400~DTM*232*20180515~DTM*233*20180515~AMT*AU*51.9~SVC*HC:A0100*51.9*51.9**2~DTM*472*20180515~REF*G1*31131741219~AMT*B6*51.9~CLP*612048740*1*163.62*163.62**MC*1816300147853420*99*1~NM1*QC*1*JEENARINE*STANLEY****MI*TZ20725J~REF*EA*612048740~DTM*232*20180514~DTM*233*20180514~AMT*AU*163.62~SVC*HC:A0100:TN*70*70**2~DTM*472*20180514~REF*G1*61131741043~AMT*B6*70~SVC*HC:S0215*32.1*32.1**10~DTM*472*20180514~REF*G1*61131741043~AMT*B6*32.1~SVC*HC:A0100:SC*50*50**2~DTM*472*20180514~REF*G1*61131741043~AMT*B6*50~SVC*HC:A0170:CG*11.52*11.52**1~DTM*472*20180514~REF*G1*61131741043~AMT*B6*11.52~CLP*611971640*1*128.5*128.5**MC*1816300147853520*99*1~NM1*QC*1*JACINTO*ANDERSON****MI*NG70756D~NM1*74*1*JACINTO*ANDERSON*J~REF*EA*611971640~DTM*232*20180515~DTM*233*20180515~AMT*AU*128.5~SVC*HC:A0100:TN*70*70**2~DTM*472*20180515~REF*G1*51131741091~AMT*B6*70~SVC*HC:S0215:TN*58.5*58.5**26~DTM*472*20180515~REF*G1*51131741091~AMT*B6*58.5~CLP*611967670*1*128.5*128.5**MC*1816300147853620*99*1~NM1*QC*1*JACINTO*LUCERO****MI*VB04758X~REF*EA*611967670~DTM*232*20180514~DTM*233*20180514~AMT*AU*128.5~SVC*HC:A0100:TN*70*70**2~DTM*472*20180514~REF*G1*81131741066~AMT*B6*70~SVC*HC:S0215:TN*58.5*58.5**26~DTM*472*20180514~REF*G1*81131741066~AMT*B6*58.5~CLP*611929840*1*198.4*198.4**MC*1816300147853720*99*1~NM1*QC*1*THOMS*VINCENT****MI*YV89106K~NM1*74*1*THOMS*VINCENT*S~REF*EA*611929840~DTM*232*20180518~DTM*233*20180518~AMT*AU*198.4~SVC*HC:A0100:TN*70*70**2~DTM*472*20180518~REF*G1*71131875382~AMT*B6*70~SVC*HC:S0215*128.4*128.4**40~DTM*472*20180518~REF*G1*71131875382~AMT*B6*128.4~CLP*611929820*1*209.92*209.92**MC*1816300147853820*99*1~NM1*QC*1*THOMS*VINCENT****MI*YV89106K~NM1*74*1*THOMS*VINCENT*S~REF*EA*611929820~DTM*232*20180516~DTM*233*20180516~AMT*AU*209.92~SVC*HC:A0100:TN*70*70**2~DTM*472*20180516~REF*G1*21131875356~AMT*B6*70~SVC*HC:S0215*128.4*128.4**40~DTM*472*20180516~REF*G1*21131875356~AMT*B6*128.4~SVC*HC:A0170:CG*11.52*11.52**1~DTM*472*20180516~REF*G1*21131875356~AMT*B6*11.52~CLP*612203950*1*137.5*137.5**MC*1816300147853920*99*1~NM1*QC*1*WILLIAMS*MAURICE****MI*XA51473V~NM1*74*1*WILLIAMS*MAURICE*B~REF*EA*612203950~DTM*232*20180514~DTM*233*20180514~AMT*AU*137.5~SVC*HC:A0100:TN*70*70**2~DTM*472*20180514~REF*G1*71131740944~AMT*B6*70~SVC*HC:S0215:TN*67.5*67.5**30~DTM*472*20180514~REF*G1*71131740944~AMT*B6*67.5~CLP*612274570*1*70*70**MC*1816300147854020*99*1~NM1*QC*1*NIE*BI****MI*SN38558N~NM1*74*1*NIE*BI*Q~REF*EA*612274570~DTM*232*20180516~DTM*233*20180516~AMT*AU*70~SVC*HC:A0100:TN*70*70**2~DTM*472*20180516~REF*G1*41131740818~AMT*B6*70~CLP*612533320*1*51.9*0**MC*1816300147854120*99*1~NM1*QC*1*CAMPBELL*BYRON****MI*XT79395U~NM1*74*1*CAMPBELL*BYRON*J~REF*EA*612533320~REF*F8*1814900070640020~DTM*232*20180514~DTM*233*20180514~SVC*HC:A0100*51.9*0**0~DTM*472*20180514~CAS*CO*97*51.9~REF*G1*31131741073~LQ*HE*M86~CLP*612499620*1*51.9*51.9**MC*1816300147854220*99*1~NM1*QC*1*GARCIA*ANA****MI*SF29073T~NM1*74*1*GARCIA*ANA*F~REF*EA*612499620~DTM*232*20180514~DTM*233*20180514~AMT*AU*51.9~SVC*HC:A0100*51.9*51.9**2~DTM*472*20180514~REF*G1*21131740796~AMT*B6*51.9~CLP*612497830*1*120*120**MC*1816300147854320*99*1~NM1*QC*1*GARCIA*ANA****MI*SF29073T~NM1*74*1*GARCIA*ANA*F~REF*EA*612497830~DTM*232*20180517~DTM*233*20180517~AMT*AU*120~SVC*HC:A0100:TN*70*70**2~DTM*472*20180517~REF*G1*61131740770~AMT*B6*70~SVC*HC:A0100:SC*50*50**2~DTM*472*20180517~REF*G1*61131740770~AMT*B6*50~CLP*612387500*1*70*70**MC*1816300147854420*99*1~NM1*QC*1*HULASIE*JEENARINE****MI*NS25067U~REF*EA*612387500~DTM*232*20180515~DTM*233*20180515~AMT*AU*70~SVC*HC:A0100:TN*70*70**2~DTM*472*20180515~REF*G1*81131740897~AMT*B6*70~CLP*612381930*1*38.21*38.21**MC*1816300147854520*99*1~NM1*QC*1*HULASIE*JEENARINE****MI*NS25067U~REF*EA*612381930~DTM*232*20180514~DTM*233*20180514~AMT*AU*38.21~SVC*HC:A0100:TN*35*35**1~DTM*472*20180514~REF*G1*21131740871~AMT*B6*35~SVC*HC:S0215*3.21*3.21**1~DTM*472*20180514~REF*G1*21131740871~AMT*B6*3.21~CLP*612307940*1*83.5*83.5**MC*1816300147854620*99*1~NM1*QC*1*STEVENSON*WENDY****MI*XT15404E~REF*EA*612307940~DTM*232*20180515~DTM*233*20180515~AMT*AU*83.5~SVC*HC:A0100:TN*70*70**2~DTM*472*20180515~REF*G1*11131740768~AMT*B6*70~SVC*HC:S0215:TN*13.5*13.5**6~DTM*472*20180515~REF*G1*11131740768~AMT*B6*13.5~CLP*612287110*1*51.9*51.9**MC*1816300147854720*99*1~NM1*QC*1*CHEN*YE JUN****MI*QN14806E~REF*EA*612287110~DTM*232*20180518~DTM*233*20180518~AMT*AU*51.9~SVC*HC:A0100*51.9*51.9**2~DTM*472*20180518~REF*G1*21131740970~AMT*B6*51.9~CLP*612286760*1*51.9*51.9**MC*1816300147854820*99*1~NM1*QC*1*CHEN*YE JUN****MI*QN14806E~REF*EA*612286760~DTM*232*20180516~DTM*233*20180516~AMT*AU*51.9~SVC*HC:A0100*51.9*51.9**2~DTM*472*20180516~REF*G1*51131740945~AMT*B6*51.9~CLP*612279160*1*101.9*101.9**MC*1816300147854920*99*1~NM1*QC*1*SANTOS*MARILINE****MI*QZ36262V~REF*EA*612279160~DTM*232*20180514~DTM*233*20180514~AMT*AU*101.9~SVC*HC:A0100*51.9*51.9**2~DTM*472*20180514~REF*G1*71131740869~AMT*B6*51.9~SVC*HC:A0100:SC*50*50**2~DTM*472*20180514~REF*G1*71131740869~AMT*B6*50~CLP*612931370*1*51.9*51.9**MC*1816300147855020*99*1~NM1*QC*1*MONTANEZ*PAULA****MI*ZW15437Y~NM1*74*1*MONTANEZ*PAULA*D~REF*EA*612931370~DTM*232*20180517~DTM*233*20180517~AMT*AU*51.9~SVC*HC:A0100*51.9*51.9**2~DTM*472*20180517~REF*G1*41131740955~AMT*B6*51.9~CLP*612939940*1*51.9*51.9**MC*1816300147855120*99*1~NM1*QC*1*AFTAB*ROKEYA****MI*VA02251K~REF*EA*612939940~DTM*232*20180515~DTM*233*20180515~AMT*AU*51.9~SVC*HC:A0100*51.9*51.9**2~DTM*472*20180515~REF*G1*31131741030~AMT*B6*51.9~CLP*614005500*1*164.94*164.94**MC*1816300147855220*99*1~NM1*QC*1*SHAH*ANNA****MI*QT36429X~REF*EA*614005500~DTM*232*20180518~DTM*233*20180518~AMT*AU*164.94~SVC*HC:A0100:TN*70*70**2~DTM*472*20180518~REF*G1*81131741306~AMT*B6*70~SVC*HC:S0215*44.94*44.94**14~DTM*472*20180518~REF*G1*81131741306~AMT*B6*44.94~SVC*HC:A0100:SC*50*50**2~DTM*472*20180518~REF*G1*81131741306~AMT*B6*50~CLP*614001380*1*51.9*51.9**MC*1816300147855320*99*1~NM1*QC*1*JOHNSON*NYESHA****MI*WQ71070B~REF*EA*614001380~DTM*232*20180518~DTM*233*20180518~AMT*AU*51.9~SVC*HC:A0100*51.9*51.9**2~DTM*472*20180518~REF*G1*21131741743~AMT*B6*51.9~CLP*613928340*1*51.9*51.9**MC*1816300147855420*99*1~NM1*QC*1*CORBETT*THOMAS****MI*RF57596D~REF*EA*613928340~DTM*232*20180517~DTM*233*20180517~AMT*AU*51.9~SVC*HC:A0100*51.9*51.9**2~DTM*472*20180517~REF*G1*41131741303~AMT*B6*51.9~CLP*613823600*1*113.62*113.62**MC*1816300147855520*99*1~NM1*QC*1*LIU*EVAN****MI*KS59406S~REF*EA*613823600~DTM*232*20180518~DTM*233*20180518~AMT*AU*113.62~SVC*HC:A0100:TN*70*70**2~DTM*472*20180518~REF*G1*31131741714~AMT*B6*70~SVC*HC:S0215*32.1*32.1**10~DTM*472*20180518~REF*G1*31131741714~AMT*B6*32.1~SVC*HC:A0170:CG*11.52*11.52**1~DTM*472*20180518~REF*G1*31131741714~AMT*B6*11.52~CLP*613774750*1*51.9*51.9**MC*1816300147855620*99*1~NM1*QC*1*SWINSON*VALERIE****MI*XV78399P~NM1*74*1*SWINSON*VALERIE*D~REF*EA*613774750~DTM*232*20180518~DTM*233*20180518~AMT*AU*51.9~SVC*HC:A0100*51.9*51.9**2~DTM*472*20180518~REF*G1*71131741274~AMT*B6*51.9~CLP*613604190*1*137.94*137.94**MC*1816300147855720*99*1~NM1*QC*1*SPENCER*ANITA****MI*RC76691N~NM1*74*1*SPENCER*ANITA*M~REF*EA*613604190~DTM*232*20180517~DTM*233*20180517~AMT*AU*137.94~SVC*HC:A0100:TN*70*70**2~DTM*472*20180517~REF*G1*01131741527~AMT*B6*70~SVC*HC:S0215*6.42*6.42**2~DTM*472*20180517~REF*G1*01131741527~AMT*B6*6.42~SVC*HC:A0100:SC*50*50**2~DTM*472*20180517~REF*G1*01131741527~AMT*B6*50~SVC*HC:A0170:CG*11.52*11.52**1~DTM*472*20180517~REF*G1*01131741527~AMT*B6*11.52~CLP*613597230*1*51.9*0**MC*1816300147855820*99*1~NM1*QC*1*CHHATWAL*HARSH****MI*SG67393J~REF*EA*613597230~REF*F8*1814700037405322~DTM*232*20180515~DTM*233*20180515~SVC*HC:A0100*51.9*0**0~DTM*472*20180515~CAS*CO*97*51.9~REF*G1*91131741452~LQ*HE*M86~CLP*613572960*1*279.88*190**MC*1816300147855920*99*1~NM1*QC*1*CAFFEY*SHARON****MI*XQ37608H~REF*EA*613572960~DTM*232*20180517~DTM*233*20180517~AMT*AU*190~SVC*HC:A0100:TN*140*140**4~DTM*472*20180517~REF*G1*91131741759~AMT*B6*140~SVC*HC:S0215*89.88*0**0~DTM*472*20180517~CAS*CO*198*89.88~REF*G1*91131741759~LQ*HE*N758~SVC*HC:A0100:SC*50*50**2~DTM*472*20180517~REF*G1*91131741759~AMT*B6*50~CLP*613509600*1*208.56*208.56**MC*1816300147856020*99*1~NM1*QC*1*DOUGLAS*CATHERINE****MI*ZQ10118K~REF*EA*613509600~DTM*232*20180517~DTM*233*20180517~AMT*AU*208.56~SVC*HC:A0100:TN*70*70**2~DTM*472*20180517~REF*G1*41131741681~AMT*B6*70~SVC*HC:S0215*77.04*77.04**24~DTM*472*20180517~REF*G1*41131741681~AMT*B6*77.04~SVC*HC:A0100:SC*50*50**2~DTM*472*20180517~REF*G1*41131741681~AMT*B6*50~SVC*HC:A0170:CG*11.52*11.52**1~DTM*472*20180517~REF*G1*41131741681~AMT*B6*11.52~CLP*614014690*1*301.84*301.84**MC*1816300147856120*99*1~NM1*QC*1*CAFFEY*SHARON****MI*XQ37608H~REF*EA*614014690~DTM*232*20180518~DTM*233*20180518~AMT*AU*301.84~SVC*HC:A0100:TN*140*140**4~DTM*472*20180518~REF*G1*71131741410~AMT*B6*140~SVC*HC:S0215*12.84*12.84**4~DTM*472*20180518~REF*G1*71131741410~AMT*B6*12.84~SVC*HC:S0215:TN*99*99**44~DTM*472*20180518~REF*G1*71131741410~AMT*B6*99~SVC*HC:A0100:SC*50*50**2~DTM*472*20180518~REF*G1*71131741410~AMT*B6*50~CLP*614845920*1*51.9*51.9**MC*1816300147856220*99*1~NM1*QC*1*YUNG*GLORIA****MI*UA10312F~REF*EA*614845920~DTM*232*20180520~DTM*233*20180520~AMT*AU*51.9~SVC*HC:A0100*51.9*51.9**2~DTM*472*20180520~REF*G1*41131742176~AMT*B6*51.9~CLP*614501240*1*158.52*158.52**MC*1816300147856320*99*1~NM1*QC*1*SHAH*ANNA****MI*QT36429X~REF*EA*614501240~DTM*232*20180519~DTM*233*20180519~AMT*AU*158.52~SVC*HC:A0100:TN*70*70**2~DTM*472*20180519~REF*G1*21131741705~AMT*B6*70~SVC*HC:S0215*38.52*38.52**12~DTM*472*20180519~REF*G1*21131741705~AMT*B6*38.52~SVC*HC:A0100:SC*50*50**2~DTM*472*20180519~REF*G1*21131741705~AMT*B6*50~CLP*614455360*1*51.9*51.9**MC*1816300147856420*99*1~NM1*QC*1*LI*FUXIAN****MI*QF10656N~REF*EA*614455360~DTM*232*20180519~DTM*233*20180519~AMT*AU*51.9~SVC*HC:A0100*51.9*51.9**2~DTM*472*20180519~REF*G1*11131741678~AMT*B6*51.9~CLP*614451300*1*286.36*286.36**MC*1816300147856520*99*1~NM1*QC*1*CAFFEY*SHARON****MI*XQ37608H~REF*EA*614451300~DTM*232*20180519~DTM*233*20180519~AMT*AU*286.36~SVC*HC:A0100:TN*140*140**4~DTM*472*20180519~REF*G1*61131741628~AMT*B6*140~SVC*HC:S0215*12.84*12.84**4~DTM*472*20180519~REF*G1*61131741628~AMT*B6*12.84~SVC*HC:S0215:TN*72*72**32~DTM*472*20180519~REF*G1*61131741628~AMT*B6*72~SVC*HC:A0100:SC*50*50**2~DTM*472*20180519~REF*G1*61131741628~AMT*B6*50~SVC*HC:A0170:CG*11.52*11.52**1~DTM*472*20180519~REF*G1*61131741628~AMT*B6*11.52~CLP*614214230*1*70*70**MC*1816300147856620*99*1~NM1*QC*1*CAMPBELL*DEVON****MI*UD13190G~NM1*74*1*CAMPBELL*DEVON*L~REF*EA*614214230~DTM*232*20180517~DTM*233*20180517~AMT*AU*70~SVC*HC:A0100:TN*70*70**2~DTM*472*20180517~REF*G1*31131741337~AMT*B6*70~CLP*614074430*1*164.94*164.94**MC*1816300147856720*99*1~NM1*QC*1*HAWKINSLINGO*MAYLENE****MI*PT03668K~NM1*74*1*HAWKINSLINGO*MAYLENE*A~REF*EA*614074430~DTM*232*20180519~DTM*233*20180519~AMT*AU*164.94~SVC*HC:A0100:TN*70*70**2~DTM*472*20180519~REF*G1*21131741644~AMT*B6*70~SVC*HC:S0215*44.94*44.94**14~DTM*472*20180519~REF*G1*21131741644~AMT*B6*44.94~SVC*HC:A0100:SC*50*50**2~DTM*472*20180519~REF*G1*21131741644~AMT*B6*50~CLP*614074230*1*197.04*197.04**MC*1816300147856820*99*1~NM1*QC*1*HAWKINSLINGO*MAYLENE****MI*PT03668K~NM1*74*1*HAWKINSLINGO*MAYLENE*A~REF*EA*614074230~DTM*232*20180518~DTM*233*20180518~AMT*AU*197.04~SVC*HC:A0100:TN*70*70**2~DTM*472*20180518~REF*G1*71131741618~AMT*B6*70~SVC*HC:S0215*77.04*77.04**24~DTM*472*20180518~REF*G1*71131741618~AMT*B6*77.04~SVC*HC:A0100:SC*50*50**2~DTM*472*20180518~REF*G1*71131741618~AMT*B6*50~CLP*614074060*1*126.42*126.42**MC*1816300147856920*99*1~NM1*QC*1*FORD*YANIQUE****MI*SG65867E~REF*EA*614074060~DTM*232*20180518~DTM*233*20180518~AMT*AU*126.42~SVC*HC:A0100:TN*70*70**2~DTM*472*20180518~REF*G1*51131741591~AMT*B6*70~SVC*HC:S0215*6.42*6.42**2~DTM*472*20180518~REF*G1*51131741591~AMT*B6*6.42~SVC*HC:A0100:SC*50*50**2~DTM*472*20180518~REF*G1*51131741591~AMT*B6*50~CLP*611929800*1*209.92*209.92**MC*1816300147857020*99*1~NM1*QC*1*THOMS*VINCENT****MI*YV89106K~NM1*74*1*THOMS*VINCENT*S~REF*EA*611929800~DTM*232*20180515~DTM*233*20180515~AMT*AU*209.92~SVC*HC:A0100:TN*70*70**2~DTM*472*20180515~REF*G1*41131875331~AMT*B6*70~SVC*HC:S0215*128.4*128.4**40~DTM*472*20180515~REF*G1*41131875331~AMT*B6*128.4~SVC*HC:A0170:CG*11.52*11.52**1~DTM*472*20180515~REF*G1*41131875331~AMT*B6*11.52~CLP*613509230*1*164.94*164.94**MC*1816300147857120*99*1~NM1*QC*1*SHAH*ANNA****MI*QT36429X~REF*EA*613509230~DTM*232*20180517~DTM*233*20180517~AMT*AU*164.94~SVC*HC:A0100:TN*70*70**2~DTM*472*20180517~REF*G1*71131741656~AMT*B6*70~SVC*HC:S0215*44.94*44.94**14~DTM*472*20180517~REF*G1*71131741656~AMT*B6*44.94~SVC*HC:A0100:SC*50*50**2~DTM*472*20180517~REF*G1*71131741656~AMT*B6*50~CLP*613508660*1*158.52*158.52**MC*1816300147857220*99*1~NM1*QC*1*SHAH*ANNA****MI*QT36429X~REF*EA*613508660~DTM*232*20180516~DTM*233*20180516~AMT*AU*158.52~SVC*HC:A0100:TN*70*70**2~DTM*472*20180516~REF*G1*91131741631~AMT*B6*70~SVC*HC:S0215*38.52*38.52**12~DTM*472*20180516~REF*G1*91131741631~AMT*B6*38.52~SVC*HC:A0100:SC*50*50**2~DTM*472*20180516~REF*G1*91131741631~AMT*B6*50~CLP*613185610*1*70*70**MC*1816300147857320*99*1~NM1*QC*1*ORTIZ*LEONEL****MI*XX50118N~NM1*74*1*ORTIZ*LEONEL*A~REF*EA*613185610~DTM*232*20180519~DTM*233*20180519~AMT*AU*70~SVC*HC:A0100:TN*70*70**2~DTM*472*20180519~REF*G1*51131740780~AMT*B6*70~CLP*613139750*1*70*70**MC*1816300147857420*99*1~NM1*QC*1*CAI*HONGYI****MI*PN23626K~REF*EA*613139750~DTM*232*20180516~DTM*233*20180516~AMT*AU*70~SVC*HC:A0100:TN*70*70**2~DTM*472*20180516~REF*G1*41131741209~AMT*B6*70~CLP*613137820*1*214.5*214.5**MC*1816300147857520*99*1~NM1*QC*1*HAWKINSLINGO*MAYLENE****MI*PT03668K~NM1*74*1*HAWKINSLINGO*MAYLENE*A~REF*EA*613137820~DTM*232*20180515~DTM*233*20180515~AMT*AU*214.5~SVC*HC:A0100:TN*70*70**2~DTM*472*20180515~REF*G1*01131741183~AMT*B6*70~SVC*HC:S0215:TN*94.5*94.5**42~DTM*472*20180515~REF*G1*01131741183~AMT*B6*94.5~SVC*HC:A0100:SC*50*50**2~DTM*472*20180515~REF*G1*01131741183~AMT*B6*50~CLP*613137710*1*126.42*126.42**MC*1816300147857620*99*1~NM1*QC*1*FORD*YANIQUE****MI*SG65867E~REF*EA*613137710~DTM*232*20180514~DTM*233*20180514~AMT*AU*126.42~SVC*HC:A0100:TN*70*70**2~DTM*472*20180514~REF*G1*31131741158~AMT*B6*70~SVC*HC:S0215*6.42*6.42**2~DTM*472*20180514~REF*G1*31131741158~AMT*B6*6.42~SVC*HC:A0100:SC*50*50**2~DTM*472*20180514~REF*G1*31131741158~AMT*B6*50~CLP*613077580*1*70*70**MC*1816300147857820*99*1~NM1*QC*1*BINNS*OLGA****MI*RU91142Z~NM1*74*1*BINNS*OLGA*D~REF*EA*613077580~DTM*232*20180517~DTM*233*20180517~AMT*AU*70~SVC*HC:A0100:TN*70*70**2~DTM*472*20180517~REF*G1*21131741007~AMT*B6*70~CLP*613029220*1*101.5*101.5**MC*1816300147857920*99*1~NM1*QC*1*ZHENG*IVAN****MI*MV14162D~REF*EA*613029220~DTM*232*20180516~DTM*233*20180516~AMT*AU*101.5~SVC*HC:A0100:TN*70*70**2~DTM*472*20180516~REF*G1*11131741234~AMT*B6*70~SVC*HC:S0215:TN*31.5*31.5**14~DTM*472*20180516~REF*G1*11131741234~AMT*B6*31.5~CLP*613007800*1*51.9*51.9**MC*1816300147858020*99*1~NM1*QC*1*ADAMS*SHASHEENA****MI*XJ86345Q~NM1*74*1*ADAMS*SHASHEENA*T~REF*EA*613007800~DTM*232*20180517~DTM*233*20180517~AMT*AU*51.9~SVC*HC:A0100*51.9*51.9**2~DTM*472*20180517~REF*G1*61131741208~AMT*B6*51.9~CLP*612944500*1*131.52*131.52**MC*1816300147858120*99*1~NM1*QC*1*WINTER*ELAINE****MI*SN12085Y~REF*EA*612944500~DTM*232*20180517~DTM*233*20180517~AMT*AU*131.52~SVC*HC:A0100:TN*70*70**2~DTM*472*20180517~REF*G1*81131741080~AMT*B6*70~SVC*HC:A0100:SC*50*50**2~DTM*472*20180517~REF*G1*81131741080~AMT*B6*50~SVC*HC:A0170:CG*11.52*11.52**1~DTM*472*20180517~REF*G1*81131741080~AMT*B6*11.52~CLP*613194900*1*145.02*145.02**MC*1816300147858220*99*1~NM1*QC*1*YEE*JAYDEN****MI*KX65382M~REF*EA*613194900~DTM*232*20180517~DTM*233*20180517~AMT*AU*145.02~SVC*HC:A0100:TN*70*70**2~DTM*472*20180517~REF*G1*21131740857~AMT*B6*70~SVC*HC:S0215*19.26*19.26**6~DTM*472*20180517~REF*G1*21131740857~AMT*B6*19.26~SVC*HC:A0100:SC*50*50**2~DTM*472*20180517~REF*G1*21131740857~AMT*B6*50~SVC*HC:A0170:CG*5.76*5.76**1~DTM*472*20180517~REF*G1*21131740857~AMT*B6*5.76~CLP*613307370*1*25.95*25.95**MC*1816300147858320*99*1~NM1*QC*1*LUO*LIDONG****MI*RY83069F~REF*EA*613307370~DTM*232*20180515~DTM*233*20180515~AMT*AU*25.95~SVC*HC:A0100*25.95*25.95**1~DTM*472*20180515~REF*G1*41131875039~AMT*B6*25.95~CLP*613493490*1*51.9*51.9**MC*1816300147858420*99*1~NM1*QC*1*JOSEPH*JEROME****MI*KS62868P~REF*EA*613493490~DTM*232*20180517~DTM*233*20180517~AMT*AU*51.9~SVC*HC:A0100*51.9*51.9**2~DTM*472*20180517~REF*G1*11131741475~AMT*B6*51.9~CLP*613477690*1*70*70**MC*1816300147858520*99*1~NM1*QC*1*HULASIE*JEENARINE****MI*NS25067U~REF*EA*613477690~DTM*232*20180517~DTM*233*20180517~AMT*AU*70~SVC*HC:A0100:TN*70*70**2~DTM*472*20180517~REF*G1*81131741165~AMT*B6*70~CLP*613426380*1*177.78*177.78**MC*1816300147858620*99*1~NM1*QC*1*TURNER*ROBERT****MI*XB09081V~REF*EA*613426380~DTM*232*20180519~DTM*233*20180519~AMT*AU*177.78~SVC*HC:A0100:TN*70*70**2~DTM*472*20180519~REF*G1*11131741215~AMT*B6*70~SVC*HC:S0215*57.78*57.78**18~DTM*472*20180519~REF*G1*11131741215~AMT*B6*57.78~SVC*HC:A0100:SC*50*50**2~DTM*472*20180519~REF*G1*11131741215~AMT*B6*50~CLP*613425740*1*177.78*177.78**MC*1816300147858720*99*1~NM1*QC*1*TURNER*ROBERT****MI*XB09081V~REF*EA*613425740~DTM*232*20180518~DTM*233*20180518~AMT*AU*177.78~SVC*HC:A0100:TN*70*70**2~DTM*472*20180518~REF*G1*01131741164~AMT*B6*70~SVC*HC:S0215*57.78*57.78**18~DTM*472*20180518~REF*G1*01131741164~AMT*B6*57.78~SVC*HC:A0100:SC*50*50**2~DTM*472*20180518~REF*G1*01131741164~AMT*B6*50~CLP*613423340*1*70*70**MC*1816300147858820*99*1~NM1*QC*1*MENDEZ*CELIDA****MI*PM95015K~NM1*74*1*MENDEZ*CELIDA*M~REF*EA*613423340~DTM*232*20180519~DTM*233*20180519~AMT*AU*70~SVC*HC:A0100:TN*70*70**2~DTM*472*20180519~REF*G1*31131741139~AMT*B6*70~CLP*613390790*1*101.5*101.5**MC*1816300147858920*99*1~NM1*QC*1*LAPSLEY*HENRY****MI*XU44621D~REF*EA*613390790~DTM*232*20180517~DTM*233*20180517~AMT*AU*101.5~SVC*HC:A0100:TN*70*70**2~DTM*472*20180517~REF*G1*81131741240~AMT*B6*70~SVC*HC:S0215:TN*31.5*31.5**14~DTM*472*20180517~REF*G1*81131741240~AMT*B6*31.5~CLP*613373990*1*51.9*51.9**MC*1816300147859020*99*1~NM1*QC*1*GOLDSTEIN*ANNE****MI*VC08846H~NM1*74*1*GOLDSTEIN*ANNE*P~REF*EA*613373990~DTM*232*20180517~DTM*233*20180517~AMT*AU*51.9~SVC*HC:A0100*51.9*51.9**2~DTM*472*20180517~REF*G1*11131741012~AMT*B6*51.9~CLP*613347070*1*214.5*214.5**MC*1816300147859120*99*1~NM1*QC*1*HAWKINSLINGO*MAYLENE****MI*PT03668K~NM1*74*1*HAWKINSLINGO*MAYLENE*A~REF*EA*613347070~DTM*232*20180516~DTM*233*20180516~AMT*AU*214.5~SVC*HC:A0100:TN*70*70**2~DTM*472*20180516~REF*G1*11131741239~AMT*B6*70~SVC*HC:S0215:TN*94.5*94.5**42~DTM*472*20180516~REF*G1*11131741239~AMT*B6*94.5~SVC*HC:A0100:SC*50*50**2~DTM*472*20180516~REF*G1*11131741239~AMT*B6*50~CLP*613343910*1*126.42*126.42**MC*1816300147859220*99*1~NM1*QC*1*FORD*YANIQUE****MI*SG65867E~REF*EA*613343910~DTM*232*20180516~DTM*233*20180516~AMT*AU*126.42~SVC*HC:A0100:TN*70*70**2~DTM*472*20180516~REF*G1*71131741137~AMT*B6*70~SVC*HC:S0215*6.42*6.42**2~DTM*472*20180516~REF*G1*71131741137~AMT*B6*6.42~SVC*HC:A0100:SC*50*50**2~DTM*472*20180516~REF*G1*71131741137~AMT*B6*50~CLP*611929790*1*209.92*209.92**MC*1816300147859320*99*1~NM1*QC*1*THOMS*VINCENT****MI*YV89106K~NM1*74*1*THOMS*VINCENT*S~REF*EA*611929790~DTM*232*20180514~DTM*233*20180514~AMT*AU*209.92~SVC*HC:A0100:TN*70*70**2~DTM*472*20180514~REF*G1*71131875306~AMT*B6*70~SVC*HC:S0215*128.4*128.4**40~DTM*472*20180514~REF*G1*71131875306~AMT*B6*128.4~SVC*HC:A0170:CG*11.52*11.52**1~DTM*472*20180514~REF*G1*71131875306~AMT*B6*11.52~CLP*577755580*1*150.78*150.78**MC*1816300147859720*99*1~NM1*QC*1*LU*HAITAO****MI*PM52737C~REF*EA*577755580~DTM*232*20180515~DTM*233*20180515~AMT*AU*150.78~SVC*HC:A0100:TN*70*70**2~DTM*472*20180515~REF*G1*51131737858~AMT*B6*70~SVC*HC:S0215*19.26*19.26**6~DTM*472*20180515~REF*G1*51131737858~AMT*B6*19.26~SVC*HC:A0100:SC*50*50**2~DTM*472*20180515~REF*G1*51131737858~AMT*B6*50~SVC*HC:A0170:CG*11.52*11.52**1~DTM*472*20180515~REF*G1*51131737858~AMT*B6*11.52~CLP*576332710*1*51.9*51.9**MC*1816300147859820*99*1~NM1*QC*1*DEARCE*RAFAEL****MI*ZS28632H~REF*EA*576332710~DTM*232*20180517~DTM*233*20180517~AMT*AU*51.9~SVC*HC:A0100*51.9*51.9**2~DTM*472*20180517~REF*G1*41131738037~AMT*B6*51.9~CLP*574190430*1*95.68*95.68**MC*1816300147859920*99*1~NM1*QC*1*BATISTA*FRANCES****MI*ZN65296Z~NM1*74*1*BATISTA*FRANCES*E~REF*EA*574190430~DTM*232*20180515~DTM*233*20180515~AMT*AU*95.68~SVC*HC:A0100:TN*70*70**2~DTM*472*20180515~REF*G1*51131737957~AMT*B6*70~SVC*HC:S0215*25.68*25.68**8~DTM*472*20180515~REF*G1*51131737957~AMT*B6*25.68~CLP*573996850*1*140.62*140.62**MC*1816300147860020*99*1~NM1*QC*1*LUO*XIAOFANG****MI*KF17862J~REF*EA*573996850~DTM*232*20180516~DTM*233*20180516~AMT*AU*140.62~SVC*HC:A0100:TN*70*70**2~DTM*472*20180516~REF*G1*31131737854~AMT*B6*70~SVC*HC:S0215*70.62*70.62**22~DTM*472*20180516~REF*G1*31131737854~AMT*B6*70.62~CLP*568111360*1*51.9*51.9**MC*1816300147860120*99*1~NM1*QC*1*ORTIZ*LEONEL****MI*XX50118N~NM1*74*1*ORTIZ*LEONEL*A~REF*EA*568111360~DTM*232*20180518~DTM*233*20180518~AMT*AU*51.9~SVC*HC:A0100*51.9*51.9**2~DTM*472*20180518~REF*G1*91131738162~AMT*B6*51.9~CLP*568111350*1*51.9*51.9**MC*1816300147860220*99*1~NM1*QC*1*ORTIZ*LEONEL****MI*XX50118N~NM1*74*1*ORTIZ*LEONEL*A~REF*EA*568111350~DTM*232*20180516~DTM*233*20180516~AMT*AU*51.9~SVC*HC:A0100*51.9*51.9**2~DTM*472*20180516~REF*G1*81131738134~AMT*B6*51.9~CLP*588942400*1*51.9*51.9**MC*1816300147860520*99*1~NM1*QC*1*ORTIZ*LEONEL****MI*XX50118N~NM1*74*1*ORTIZ*LEONEL*A~REF*EA*588942400~DTM*232*20180517~DTM*233*20180517~AMT*AU*51.9~SVC*HC:A0100*51.9*51.9**2~DTM*472*20180517~REF*G1*71131738243~AMT*B6*51.9~CLP*588942390*1*51.9*51.9**MC*1816300147860620*99*1~NM1*QC*1*ORTIZ*LEONEL****MI*XX50118N~NM1*74*1*ORTIZ*LEONEL*A~REF*EA*588942390~DTM*232*20180515~DTM*233*20180515~AMT*AU*51.9~SVC*HC:A0100*51.9*51.9**2~DTM*472*20180515~REF*G1*11131738722~AMT*B6*51.9~CLP*587938110*1*70*70**MC*1816300147860720*99*1~NM1*QC*1*MAYES*KENNETH****MI*XN80853S~REF*EA*587938110~DTM*232*20180514~DTM*233*20180514~AMT*AU*70~SVC*HC:A0100:TN*70*70**2~DTM*472*20180514~REF*G1*11131738241~AMT*B6*70~CLP*587029330*1*292.72*190**MC*1816300147860820*99*1~NM1*QC*1*BATISTA*FRANCES****MI*ZN65296Z~NM1*74*1*BATISTA*FRANCES*E~REF*EA*587029330~DTM*232*20180517~DTM*233*20180517~AMT*AU*190~SVC*HC:A0100:TN*140*140**4~DTM*472*20180517~REF*G1*71131738644~AMT*B6*140~SVC*HC:S0215*102.72*0**0~DTM*472*20180517~CAS*CO*198*102.72~REF*G1*71131738644~LQ*HE*N758~SVC*HC:A0100:SC*50*50**2~DTM*472*20180517~REF*G1*71131738644~AMT*B6*50~CLP*568111340*1*51.9*51.9**MC*1816300147861120*99*1~NM1*QC*1*ORTIZ*LEONEL****MI*XX50118N~NM1*74*1*ORTIZ*LEONEL*A~REF*EA*568111340~DTM*232*20180514~DTM*233*20180514~AMT*AU*51.9~SVC*HC:A0100*51.9*51.9**2~DTM*472*20180514~REF*G1*51131738107~AMT*B6*51.9~CLP*557507350*1*305.56*305.56**MC*1816300147861220*99*1~NM1*QC*1*BATISTA*FRANCES****MI*ZN65296Z~NM1*74*1*BATISTA*FRANCES*E~REF*EA*557507350~DTM*232*20180514~DTM*233*20180514~AMT*AU*305.56~SVC*HC:A0100:TN*140*140**4~DTM*472*20180514~REF*G1*21131737685~AMT*B6*140~SVC*HC:S0215*115.56*115.56**36~DTM*472*20180514~REF*G1*21131737685~AMT*B6*115.56~SVC*HC:A0100:SC*50*50**2~DTM*472*20180514~REF*G1*21131737685~AMT*B6*50~CLP*549285690*1*127.78*127.78**MC*1816300147861320*99*1~NM1*QC*1*MEJIA*ELIZABETH****MI*WA51950F~REF*EA*549285690~DTM*232*20180515~DTM*233*20180515~AMT*AU*127.78~SVC*HC:A0100:TN*70*70**2~DTM*472*20180515~REF*G1*01131737242~AMT*B6*70~SVC*HC:S0215*57.78*57.78**18~DTM*472*20180515~REF*G1*01131737242~AMT*B6*57.78~CLP*544984680*1*51.9*51.9**MC*1816300147861420*99*1~NM1*QC*1*KUANG*CUI****MI*XA99269A~NM1*74*1*KUANG*CUI*Y~REF*EA*544984680~DTM*232*20180518~DTM*233*20180518~AMT*AU*51.9~SVC*HC:A0100*51.9*51.9**2~DTM*472*20180518~REF*G1*81131737088~AMT*B6*51.9~CLP*544984660*1*51.9*51.9**MC*1816300147861520*99*1~NM1*QC*1*KUANG*CUI****MI*XA99269A~NM1*74*1*KUANG*CUI*Y~REF*EA*544984660~DTM*232*20180516~DTM*233*20180516~AMT*AU*51.9~SVC*HC:A0100*51.9*51.9**2~DTM*472*20180516~REF*G1*21131737062~AMT*B6*51.9~CLP*544984650*1*51.9*51.9**MC*1816300147861620*99*1~NM1*QC*1*KUANG*CUI****MI*XA99269A~NM1*74*1*KUANG*CUI*Y~REF*EA*544984650~DTM*232*20180514~DTM*233*20180514~AMT*AU*51.9~SVC*HC:A0100*51.9*51.9**2~DTM*472*20180514~REF*G1*71131737036~AMT*B6*51.9~CLP*526942030*1*51.9*51.9**MC*1816300147861720*99*1~NM1*QC*1*YEUNG*SHOULIANG****MI*KJ81008U~REF*EA*526942030~DTM*232*20180519~DTM*233*20180519~AMT*AU*51.9~SVC*HC:A0100*51.9*51.9**2~DTM*472*20180519~REF*G1*01131736493~AMT*B6*51.9~CLP*526942020*1*51.9*51.9**MC*1816300147861820*99*1~NM1*QC*1*YEUNG*SHOULIANG****MI*KJ81008U~REF*EA*526942020~DTM*232*20180517~DTM*233*20180517~AMT*AU*51.9~SVC*HC:A0100*51.9*51.9**2~DTM*472*20180517~REF*G1*41131736458~AMT*B6*51.9~CLP*557507370*1*318.4*318.4**MC*1816300147861920*99*1~NM1*QC*1*BATISTA*FRANCES****MI*ZN65296Z~NM1*74*1*BATISTA*FRANCES*E~REF*EA*557507370~DTM*232*20180516~DTM*233*20180516~AMT*AU*318.4~SVC*HC:A0100:TN*140*140**4~DTM*472*20180516~REF*G1*71131737692~AMT*B6*140~SVC*HC:S0215*128.4*128.4**40~DTM*472*20180516~REF*G1*71131737692~AMT*B6*128.4~SVC*HC:A0100:SC*50*50**2~DTM*472*20180516~REF*G1*71131737692~AMT*B6*50~CLP*565130630*1*140.62*140.62**MC*1816300147862020*99*1~NM1*QC*1*LUO*XIAOFANG****MI*KF17862J~REF*EA*565130630~DTM*232*20180514~DTM*233*20180514~AMT*AU*140.62~SVC*HC:A0100:TN*70*70**2~DTM*472*20180514~REF*G1*21131737708~AMT*B6*70~SVC*HC:S0215*70.62*70.62**22~DTM*472*20180514~REF*G1*21131737708~AMT*B6*70.62~CLP*562664550*1*51.9*51.9**MC*1816300147862120*99*1~NM1*QC*1*FIERSTEIN*SAMUEL****MI*VX81030M~REF*EA*562664550~DTM*232*20180516~DTM*233*20180516~AMT*AU*51.9~SVC*HC:A0100*51.9*51.9**2~DTM*472*20180516~REF*G1*81131738073~AMT*B6*51.9~CLP*558982970*1*292.72*292.72**MC*1816300147862220*99*1~NM1*QC*1*TURNER*ROBERT****MI*XB09081V~REF*EA*558982970~DTM*232*20180517~DTM*233*20180517~AMT*AU*292.72~SVC*HC:A0100:TN*140*140**4~DTM*472*20180517~REF*G1*21131871933~AMT*B6*140~SVC*HC:S0215*102.72*102.72**32~DTM*472*20180517~REF*G1*21131871933~AMT*B6*102.72~SVC*HC:A0100:SC*50*50**2~DTM*472*20180517~REF*G1*21131871933~AMT*B6*50~CLP*617890080*1*102.1*102.1**MC*1816300147862320*99*1~NM1*QC*1*TURNER*ROBERT****MI*XB09081V~REF*EA*617890080~DTM*232*20180516~DTM*233*20180516~AMT*AU*102.1~SVC*HC:A0100:TN*70*70**2~DTM*472*20180516~REF*G1*71131851008~AMT*B6*70~SVC*HC:S0215*32.1*32.1**10~DTM*472*20180516~REF*G1*71131851008~AMT*B6*32.1~CLP*617890070*1*102.1*102.1**MC*1816300147862420*99*1~NM1*QC*1*TURNER*ROBERT****MI*XB09081V~REF*EA*617890070~DTM*232*20180515~DTM*233*20180515~AMT*AU*102.1~SVC*HC:A0100:TN*70*70**2~DTM*472*20180515~REF*G1*31131864753~AMT*B6*70~SVC*HC:S0215*32.1*32.1**10~DTM*472*20180515~REF*G1*31131864753~AMT*B6*32.1~CLP*617890050*1*102.1*102.1**MC*1816300147862520*99*1~NM1*QC*1*TURNER*ROBERT****MI*XB09081V~REF*EA*617890050~DTM*232*20180514~DTM*233*20180514~AMT*AU*102.1~SVC*HC:A0100:TN*70*70**2~DTM*472*20180514~REF*G1*21131850983~AMT*B6*70~SVC*HC:S0215*32.1*32.1**10~DTM*472*20180514~REF*G1*21131850983~AMT*B6*32.1~CLP*557507380*1*127.78*127.78**MC*1816300147862620*99*1~NM1*QC*1*BATISTA*FRANCES****MI*ZN65296Z~NM1*74*1*BATISTA*FRANCES*E~REF*EA*557507380~DTM*232*20180519~DTM*233*20180519~AMT*AU*127.78~SVC*HC:A0100:TN*70*70**2~DTM*472*20180519~REF*G1*91131737554~AMT*B6*70~SVC*HC:S0215*57.78*57.78**18~DTM*472*20180519~REF*G1*91131737554~AMT*B6*57.78~CLP*593899110*1*108.52*38.52**MC*1816300147862720*99*1~NM1*QC*1*MEJIA*ELIZABETH****MI*WA51950F~REF*EA*593899110~DTM*232*20180514~DTM*233*20180514~AMT*AU*38.52~SVC*HC:A0100:TN*70*0**0~DTM*472*20180514~CAS*CO*198*70~REF*G1*31131738504~LQ*HE*N758~SVC*HC:S0215*38.52*38.52**12~DTM*472*20180514~REF*G1*31131738504~AMT*B6*38.52~CLP*609441460*1*120*120**MC*1816300147862820*99*1~NM1*QC*1*DONADIO*THERESA****MI*VZ52712C~NM1*74*1*DONADIO*THERESA*A~REF*EA*609441460~DTM*232*20180515~DTM*233*20180515~AMT*AU*120~SVC*HC:A0100:TN*70*70**2~DTM*472*20180515~REF*G1*31131739919~AMT*B6*70~SVC*HC:A0100:SC*50*50**2~DTM*472*20180515~REF*G1*31131739919~AMT*B6*50~CLP*609722570*1*51.9*51.9**MC*1816300147862920*99*1~NM1*QC*1*ZHOU*SUMIN****MI*QF10646S~REF*EA*609722570~DTM*232*20180516~DTM*233*20180516~AMT*AU*51.9~SVC*HC:A0100*51.9*51.9**2~DTM*472*20180516~REF*G1*81131740255~AMT*B6*51.9~CLP*609658450*1*51.9*51.9**MC*1816300147863020*99*1~NM1*QC*1*MELVIN*ANGELA****MI*XQ93651N~REF*EA*609658450~DTM*232*20180516~DTM*233*20180516~AMT*AU*51.9~SVC*HC:A0100*51.9*51.9**2~DTM*472*20180516~REF*G1*31131740380~AMT*B6*51.9~CLP*611176770*1*105.58*95.95**MC*1816300147863120*99*1~NM1*QC*1*YACOOB*AZAAD****MI*YP39454H~REF*EA*611176770~DTM*232*20180519~DTM*233*20180519~AMT*AU*95.95~SVC*HC:A0100*25.95*25.95**1~DTM*472*20180519~REF*G1*71131740345~AMT*B6*25.95~SVC*HC:A0100:TN*70*70**2~DTM*472*20180519~REF*G1*71131740345~AMT*B6*70~SVC*HC:S0215*9.63*0**0~DTM*472*20180519~CAS*CO*198*9.63~REF*G1*71131740345~LQ*HE*N758~CLP*611176790*1*76.42*76.42**MC*1816300147863220*99*1~NM1*QC*1*YACOOB*AZAAD****MI*YP39454H~REF*EA*611176790~DTM*232*20180520~DTM*233*20180520~AMT*AU*76.42~SVC*HC:A0100:TN*70*70**2~DTM*472*20180520~REF*G1*41131740370~AMT*B6*70~SVC*HC:S0215*6.42*6.42**2~DTM*472*20180520~REF*G1*41131740370~AMT*B6*6.42~CLP*609447870*1*70*70**MC*1816300147863320*99*1~NM1*QC*1*CHEN*ROY****MI*MJ42714V~REF*EA*609447870~DTM*232*20180515~DTM*233*20180515~AMT*AU*70~SVC*HC:A0100:TN*70*70**2~DTM*472*20180515~REF*G1*91131740023~AMT*B6*70~CLP*609447840*1*70*70**MC*1816300147863420*99*1~NM1*QC*1*CHEN*ROY****MI*MJ42714V~REF*EA*609447840~DTM*232*20180514~DTM*233*20180514~AMT*AU*70~SVC*HC:A0100:TN*70*70**2~DTM*472*20180514~REF*G1*91131739997~AMT*B6*70~CLP*611218740*1*70*70**MC*1816300147863520*99*1~NM1*QC*1*WANG*MEIDI****MI*QY22261W~REF*EA*611218740~DTM*232*20180518~DTM*233*20180518~AMT*AU*70~SVC*HC:A0100:TN*70*70**2~DTM*472*20180518~REF*G1*61131740577~AMT*B6*70~CLP*611495260*1*137.94*137.94**MC*1816300147863620*99*1~NM1*QC*1*LAW*YEUNG****MI*UY12084B~REF*EA*611495260~DTM*232*20180514~DTM*233*20180514~AMT*AU*137.94~SVC*HC:A0100:TN*70*70**2~DTM*472*20180514~REF*G1*51131740605~AMT*B6*70~SVC*HC:S0215*6.42*6.42**2~DTM*472*20180514~REF*G1*51131740605~AMT*B6*6.42~SVC*HC:A0100:SC*50*50**2~DTM*472*20180514~REF*G1*51131740605~AMT*B6*50~SVC*HC:A0170:CG*11.52*11.52**1~DTM*472*20180514~REF*G1*51131740605~AMT*B6*11.52~CLP*611584130*1*110.5*110.5**MC*1816300147863720*99*1~NM1*QC*1*DUNN*CATHY****MI*YA74328D~REF*EA*611584130~DTM*232*20180518~DTM*233*20180518~AMT*AU*110.5~SVC*HC:A0100:TN*70*70**2~DTM*472*20180518~REF*G1*71131740581~AMT*B6*70~SVC*HC:S0215:TN*40.5*40.5**18~DTM*472*20180518~REF*G1*71131740581~AMT*B6*40.5~CLP*609813570*1*51.9*51.9**MC*1816300147863820*99*1~NM1*QC*1*WATT*PING****MI*TE16353T~REF*EA*609813570~DTM*232*20180514~DTM*233*20180514~AMT*AU*51.9~SVC*HC:A0100*51.9*51.9**2~DTM*472*20180514~REF*G1*91131740306~AMT*B6*51.9~CLP*611048880*1*51.9*51.9**MC*1816300147863920*99*1~NM1*QC*1*KEITT*JOHN****MI*ZH11392W~REF*EA*611048880~DTM*232*20180515~DTM*233*20180515~AMT*AU*51.9~SVC*HC:A0100*51.9*51.9**2~DTM*472*20180515~REF*G1*11131740626~AMT*B6*51.9~CLP*611030870*1*51.9*51.9**MC*1816300147864020*99*1~NM1*QC*1*SHI*ALICIA****MI*XQ87722E~REF*EA*611030870~DTM*232*20180514~DTM*233*20180514~AMT*AU*51.9~SVC*HC:A0100*51.9*51.9**2~DTM*472*20180514~REF*G1*01131740575~AMT*B6*51.9~CLP*610448660*1*119.5*119.5**MC*1816300147864120*99*1~NM1*QC*1*BABAYOFF*IRIS****MI*UX68405R~REF*EA*610448660~DTM*232*20180516~DTM*233*20180516~AMT*AU*119.5~SVC*HC:A0100:TN*70*70**2~DTM*472*20180516~REF*G1*11131740442~AMT*B6*70~SVC*HC:S0215:TN*49.5*49.5**22~DTM*472*20180516~REF*G1*11131740442~AMT*B6*49.5~CLP*610418760*1*214.98*214.98**MC*1816300147864220*99*1~NM1*QC*1*MCDONALD*CLARA****MI*SF57501Q~NM1*74*1*MCDONALD*CLARA*A~REF*EA*610418760~DTM*232*20180516~DTM*233*20180516~AMT*AU*214.98~SVC*HC:A0100:TN*70*70**2~DTM*472*20180516~REF*G1*91131874650~AMT*B6*70~SVC*HC:S0215*83.46*83.46**26~DTM*472*20180516~REF*G1*91131874650~AMT*B6*83.46~SVC*HC:A0100:SC*50*50**2~DTM*472*20180516~REF*G1*91131874650~AMT*B6*50~SVC*HC:A0170:CG*11.52*11.52**1~DTM*472*20180516~REF*G1*91131874650~AMT*B6*11.52~CLP*611050260*1*51.9*51.9**MC*1816300147864320*99*1~NM1*QC*1*KEITT*JOHN****MI*ZH11392W~REF*EA*611050260~DTM*232*20180516~DTM*233*20180516~AMT*AU*51.9~SVC*HC:A0100*51.9*51.9**2~DTM*472*20180516~REF*G1*81131740651~AMT*B6*51.9~CLP*611090710*1*70*70**MC*1816300147864520*99*1~NM1*QC*1*WANG*MEIDI****MI*QY22261W~REF*EA*611090710~DTM*232*20180514~DTM*233*20180514~AMT*AU*70~SVC*HC:A0100:TN*70*70**2~DTM*472*20180514~REF*G1*41131740318~AMT*B6*70~CLP*606092310*1*51.9*51.9**MC*1816300147864620*99*1~NM1*QC*1*KENNINGS*ARNOLEE****MI*ZW89517K~NM1*74*1*KENNINGS*ARNOLEE*C~REF*EA*606092310~DTM*232*20180514~DTM*233*20180514~AMT*AU*51.9~SVC*HC:A0100*51.9*51.9**2~DTM*472*20180514~REF*G1*41131739560~AMT*B6*51.9~CLP*609394580*1*51.9*51.9**MC*1816300147864720*99*1~NM1*QC*1*YACOOB*AZAAD****MI*YP39454H~REF*EA*609394580~DTM*232*20180514~DTM*233*20180514~AMT*AU*51.9~SVC*HC:A0100*51.9*51.9**2~DTM*472*20180514~REF*G1*21131740173~AMT*B6*51.9~CLP*608111810*1*51.9*51.9**MC*1816300147864820*99*1~NM1*QC*1*WANG*FENGLU****MI*KX07878H~REF*EA*608111810~DTM*232*20180519~DTM*233*20180519~AMT*AU*51.9~SVC*HC:A0100*51.9*51.9**2~DTM*472*20180519~REF*G1*71131740208~AMT*B6*51.9~CLP*607762060*1*51.9*51.9**MC*1816300147864920*99*1~NM1*QC*1*MORGAN*TRACEYANN****MI*TE05142U~REF*EA*607762060~DTM*232*20180517~DTM*233*20180517~AMT*AU*51.9~SVC*HC:A0100*51.9*51.9**2~DTM*472*20180517~REF*G1*91131739850~AMT*B6*51.9~CLP*608111760*1*51.9*51.9**MC*1816300147865020*99*1~NM1*QC*1*WANG*FENGLU****MI*KX07878H~REF*EA*608111760~DTM*232*20180516~DTM*233*20180516~AMT*AU*51.9~SVC*HC:A0100*51.9*51.9**2~DTM*472*20180516~REF*G1*11131740183~AMT*B6*51.9~CLP*608926670*1*51.9*51.9**MC*1816300147865120*99*1~NM1*QC*1*VARONA*GREGORY****MI*KB81098S~REF*EA*608926670~DTM*232*20180516~DTM*233*20180516~AMT*AU*51.9~SVC*HC:A0100*51.9*51.9**2~DTM*472*20180516~REF*G1*51131740167~AMT*B6*51.9~CLP*611714680*1*131.52*131.52**MC*1816300147865220*99*1~NM1*QC*1*MENDEZ*MARIA****MI*ZS73591F~REF*EA*611714680~DTM*232*20180514~DTM*233*20180514~AMT*AU*131.52~SVC*HC:A0100:TN*70*70**2~DTM*472*20180514~REF*G1*01131875253~AMT*B6*70~SVC*HC:A0100:SC*50*50**2~DTM*472*20180514~REF*G1*01131875253~AMT*B6*50~SVC*HC:A0170:CG*11.52*11.52**1~DTM*472*20180514~REF*G1*01131875253~AMT*B6*11.52~CLP*609024230*1*182.88*182.88**MC*1816300147865320*99*1~NM1*QC*1*YACOOB*AZAAD****MI*YP39454H~REF*EA*609024230~DTM*232*20180517~DTM*233*20180517~AMT*AU*182.88~SVC*HC:A0100:TN*70*70**2~DTM*472*20180517~REF*G1*01131740193~AMT*B6*70~SVC*HC:S0215*51.36*51.36**16~DTM*472*20180517~REF*G1*01131740193~AMT*B6*51.36~SVC*HC:A0100:SC*50*50**2~DTM*472*20180517~REF*G1*01131740193~AMT*B6*50~SVC*HC:A0170:CG*11.52*11.52**1~DTM*472*20180517~REF*G1*01131740193~AMT*B6*11.52~CLP*611884570*1*182.88*182.88**MC*1816300147865420*99*1~NM1*QC*1*YACOOB*AZAAD****MI*YP39454H~REF*EA*611884570~DTM*232*20180516~DTM*233*20180516~AMT*AU*182.88~SVC*HC:A0100:TN*70*70**2~DTM*472*20180516~REF*G1*71131740609~AMT*B6*70~SVC*HC:S0215*51.36*51.36**16~DTM*472*20180516~REF*G1*71131740609~AMT*B6*51.36~SVC*HC:A0100:SC*50*50**2~DTM*472*20180516~REF*G1*71131740609~AMT*B6*50~SVC*HC:A0170:CG*11.52*11.52**1~DTM*472*20180516~REF*G1*71131740609~AMT*B6*11.52~CLP*607495670*1*100.78*100.78**MC*1816300147865520*99*1~NM1*QC*1*LIN*ANGELA****MI*KH67506Q~REF*EA*607495670~DTM*232*20180517~DTM*233*20180517~AMT*AU*100.78~SVC*HC:A0100:TN*70*70**2~DTM*472*20180517~REF*G1*61131739823~AMT*B6*70~SVC*HC:S0215*19.26*19.26**6~DTM*472*20180517~REF*G1*61131739823~AMT*B6*19.26~SVC*HC:A0170:CG*11.52*11.52**1~DTM*472*20180517~REF*G1*61131739823~AMT*B6*11.52~CLP*609279570*1*131.52*131.52**MC*1816300147865620*99*1~NM1*QC*1*GARCIA*JORGE****MI*XU90686N~NM1*74*1*GARCIA*JORGE*G~REF*EA*609279570~DTM*232*20180516~DTM*233*20180516~AMT*AU*131.52~SVC*HC:A0100:TN*70*70**2~DTM*472*20180516~REF*G1*31131739995~AMT*B6*70~SVC*HC:A0100:SC*50*50**2~DTM*472*20180516~REF*G1*31131739995~AMT*B6*50~SVC*HC:A0170:CG*11.52*11.52**1~DTM*472*20180516~REF*G1*31131739995~AMT*B6*11.52~CLP*606620240*1*51.9*51.9**MC*1816300147865720*99*1~NM1*QC*1*MAYES*KENNETH****MI*XN80853S~REF*EA*606620240~DTM*232*20180515~DTM*233*20180515~AMT*AU*51.9~SVC*HC:A0100*51.9*51.9**2~DTM*472*20180515~REF*G1*41131739688~AMT*B6*51.9~CLP*606095380*1*51.9*51.9**MC*1816300147865820*99*1~NM1*QC*1*KENNINGS*ARNOLEE****MI*ZW89517K~NM1*74*1*KENNINGS*ARNOLEE*C~REF*EA*606095380~DTM*232*20180516~DTM*233*20180516~AMT*AU*51.9~SVC*HC:A0100*51.9*51.9**2~DTM*472*20180516~REF*G1*71131739610~AMT*B6*51.9~CLP*609392130*1*131.52*0**MC*1816300147865920*99*1~NM1*QC*1*CULLEN*EILEEN****MI*UA80585H~NM1*74*1*CULLEN*EILEEN*B~REF*EA*609392130~DTM*232*20180514~DTM*233*20180514~SVC*HC:A0100:TN*70*0**0~DTM*472*20180514~CAS*CO*183*70~REF*G1*31131789952~SVC*HC:A0100:SC*50*0**0~DTM*472*20180514~CAS*CO*183*50~REF*G1*31131789952~SVC*HC:A0170:CG*11.52*0**0~DTM*472*20180514~CAS*CO*183*11.52~REF*G1*31131789952~CLP*526942060*1*51.9*51.9**MC*1816300147866020*99*1~NM1*QC*1*YEUNG*SHOULIANG****MI*KJ81008U~REF*EA*526942060~DTM*232*20180522~DTM*233*20180522~AMT*AU*51.9~SVC*HC:A0100*51.9*51.9**2~DTM*472*20180522~REF*G1*71131981316~AMT*B6*51.9~CLP*615163100*1*51.9*51.9**MC*1816300147866120*99*1~NM1*QC*1*HULASIE*JEENARINE****MI*NS25067U~REF*EA*615163100~DTM*232*20180523~DTM*233*20180523~AMT*AU*51.9~SVC*HC:A0100*51.9*51.9**2~DTM*472*20180523~REF*G1*11131986289~AMT*B6*51.9~CLP*615134060*1*73.21*73.21**MC*1816300147866220*99*1~NM1*QC*1*SPENCER*ANITA****MI*RC76691N~NM1*74*1*SPENCER*ANITA*M~REF*EA*615134060~DTM*232*20180524~DTM*233*20180524~AMT*AU*73.21~SVC*HC:A0100:TN*70*70**2~DTM*472*20180524~REF*G1*21131986533~AMT*B6*70~SVC*HC:S0215*3.21*3.21**1~DTM*472*20180524~REF*G1*21131986533~AMT*B6*3.21~CLP*615132720*1*51.9*51.9**MC*1816300147866320*99*1~NM1*QC*1*DUNCAN*AYEESHA****MI*VS24370X~NM1*74*1*DUNCAN*AYEESHA*S~REF*EA*615132720~DTM*232*20180521~DTM*233*20180521~AMT*AU*51.9~SVC*HC:A0100*51.9*51.9**2~DTM*472*20180521~REF*G1*61131986390~AMT*B6*51.9~CLP*615103280*1*137.94*137.94**MC*1816300147866420*99*1~NM1*QC*1*ZIN*KYAW****MI*NQ41124Y~REF*EA*615103280~DTM*232*20180523~DTM*233*20180523~AMT*AU*137.94~SVC*HC:A0100:TN*70*70**2~DTM*472*20180523~REF*G1*81131986554~AMT*B6*70~SVC*HC:S0215*6.42*6.42**2~DTM*472*20180523~REF*G1*81131986554~AMT*B6*6.42~SVC*HC:A0100:SC*50*50**2~DTM*472*20180523~REF*G1*81131986554~AMT*B6*50~SVC*HC:A0170:CG*11.52*11.52**1~DTM*472*20180523~REF*G1*81131986554~AMT*B6*11.52~CLP*615183190*1*51.9*51.9**MC*1816300147866620*99*1~NM1*QC*1*BINNS*OLGA****MI*RU91142Z~NM1*74*1*BINNS*OLGA*D~REF*EA*615183190~DTM*232*20180521~DTM*233*20180521~AMT*AU*51.9~SVC*HC:A0100*51.9*51.9**2~DTM*472*20180521~REF*G1*01131986510~AMT*B6*51.9~CLP*615014110*1*108.52*108.52**MC*1816300147866820*99*1~NM1*QC*1*SHAH*ANNA****MI*QT36429X~REF*EA*615014110~DTM*232*20180521~DTM*233*20180521~AMT*AU*108.52~SVC*HC:A0100:TN*70*70**2~DTM*472*20180521~REF*G1*71131986484~AMT*B6*70~SVC*HC:S0215*38.52*38.52**12~DTM*472*20180521~REF*G1*71131986484~AMT*B6*38.52~CLP*615013830*1*270.25*270.25**MC*1816300147866920*99*1~NM1*QC*1*CAFFEY*SHARON****MI*XQ37608H~REF*EA*615013830~DTM*232*20180521~DTM*233*20180521~AMT*AU*270.25~SVC*HC:A0100:TN*140*140**4~DTM*472*20180521~REF*G1*71131986460~AMT*B6*140~SVC*HC:S0215*80.25*80.25**25~DTM*472*20180521~REF*G1*71131986460~AMT*B6*80.25~SVC*HC:A0100:SC*50*50**2~DTM*472*20180521~REF*G1*71131986460~AMT*B6*50~CLP*615184460*1*51.9*51.9**MC*1816300147867020*99*1~NM1*QC*1*BINNS*OLGA****MI*RU91142Z~NM1*74*1*BINNS*OLGA*D~REF*EA*615184460~DTM*232*20180523~DTM*233*20180523~AMT*AU*51.9~SVC*HC:A0100*51.9*51.9**2~DTM*472*20180523~REF*G1*41131986556~AMT*B6*51.9~CLP*615253760*1*51.9*51.9**MC*1816300147867120*99*1~NM1*QC*1*BURTON*LESLIE****MI*ZB53121Q~REF*EA*615253760~DTM*232*20180525~DTM*233*20180525~AMT*AU*51.9~SVC*HC:A0100*51.9*51.9**2~DTM*472*20180525~REF*G1*01131986317~AMT*B6*51.9~CLP*615252990*1*51.9*51.9**MC*1816300147867220*99*1~NM1*QC*1*BURTON*LESLIE****MI*ZB53121Q~REF*EA*615252990~DTM*232*20180524~DTM*233*20180524~AMT*AU*51.9~SVC*HC:A0100*51.9*51.9**2~DTM*472*20180524~REF*G1*61131986291~AMT*B6*51.9~CLP*615251900*1*51.9*51.9**MC*1816300147867320*99*1~NM1*QC*1*BURTON*LESLIE****MI*ZB53121Q~REF*EA*615251900~DTM*232*20180521~DTM*233*20180521~AMT*AU*51.9~SVC*HC:A0100*51.9*51.9**2~DTM*472*20180521~REF*G1*71131986267~AMT*B6*51.9~CLP*615242980*1*51.9*51.9**MC*1816300147867420*99*1~NM1*QC*1*MOLLICK*FERDOUSI****MI*VJ15639Y~REF*EA*615242980~DTM*232*20180526~DTM*233*20180526~AMT*AU*51.9~SVC*HC:A0100*51.9*51.9**2~DTM*472*20180526~REF*G1*21131986557~AMT*B6*51.9~CLP*615239540*1*51.9*51.9**MC*1816300147867520*99*1~NM1*QC*1*JONES*ROSETTA****MI*ZC05411N~REF*EA*615239540~DTM*232*20180521~DTM*233*20180521~AMT*AU*51.9~SVC*HC:A0100*51.9*51.9**2~DTM*472*20180521~REF*G1*81131986511~AMT*B6*51.9~CLP*615230220*1*135.25*135.25**MC*1816300147867620*99*1~NM1*QC*1*WILLIAMS*MAURICE****MI*XA51473V~NM1*74*1*WILLIAMS*MAURICE*B~REF*EA*615230220~DTM*232*20180523~DTM*233*20180523~AMT*AU*135.25~SVC*HC:A0100:TN*70*70**2~DTM*472*20180523~REF*G1*41131986391~AMT*B6*70~SVC*HC:S0215:TN*65.25*65.25**29~DTM*472*20180523~REF*G1*41131986391~AMT*B6*65.25~CLP*615229470*1*126.25*126.25**MC*1816300147867720*99*1~NM1*QC*1*WILLIAMS*MAURICE****MI*XA51473V~NM1*74*1*WILLIAMS*MAURICE*B~REF*EA*615229470~DTM*232*20180522~DTM*233*20180522~AMT*AU*126.25~SVC*HC:A0100:TN*70*70**2~DTM*472*20180522~REF*G1*51131986367~AMT*B6*70~SVC*HC:S0215:TN*56.25*56.25**25~DTM*472*20180522~REF*G1*51131986367~AMT*B6*56.25~CLP*615228850*1*51.9*51.9**MC*1816300147867820*99*1~NM1*QC*1*WILLIAMS*MAURICE****MI*XA51473V~NM1*74*1*WILLIAMS*MAURICE*B~REF*EA*615228850~DTM*232*20180521~DTM*233*20180521~AMT*AU*51.9~SVC*HC:A0100*51.9*51.9**2~DTM*472*20180521~REF*G1*51131986343~AMT*B6*51.9~CLP*615227140*1*173.25*173.25**MC*1816300147867920*99*1~NM1*QC*1*JOHNSON*RYAN****MI*NX04012R~NM1*74*1*JOHNSON*RYAN*N~REF*EA*615227140~DTM*232*20180523~DTM*233*20180523~AMT*AU*173.25~SVC*HC:A0100:TN*70*70**2~DTM*472*20180523~REF*G1*81131986290~AMT*B6*70~SVC*HC:S0215*41.73*41.73**13~DTM*472*20180523~REF*G1*81131986290~AMT*B6*41.73~SVC*HC:A0100:SC*50*50**2~DTM*472*20180523~REF*G1*81131986290~AMT*B6*50~SVC*HC:A0170:CG*11.52*11.52**1~DTM*472*20180523~REF*G1*81131986290~AMT*B6*11.52~CLP*615217520*1*70*70**MC*1816300147868020*99*1~NM1*QC*1*MELVIN*ANGELA****MI*XQ93651N~REF*EA*615217520~DTM*232*20180524~DTM*233*20180524~AMT*AU*70~SVC*HC:A0100:TN*70*70**2~DTM*472*20180524~REF*G1*91131986266~AMT*B6*70~CLP*615199150*1*35*35**MC*1816300147868120*99*1~NM1*QC*1*MIDDLETON*LETESHA****MI*WS82113W~NM1*74*1*MIDDLETON*LETESHA*J~REF*EA*615199150~DTM*232*20180524~DTM*233*20180524~AMT*AU*35~SVC*HC:A0100:TN*35*35**1~DTM*472*20180524~REF*G1*11131986628~AMT*B6*35~CLP*614957890*1*51.9*51.9**MC*1816300147868220*99*1~NM1*QC*1*RASTOGI*INGRID****MI*QY13671Z~REF*EA*614957890~DTM*232*20180521~DTM*233*20180521~AMT*AU*51.9~SVC*HC:A0100*51.9*51.9**2~DTM*472*20180521~REF*G1*81131986597~AMT*B6*51.9~CLP*614698510*1*140*140**MC*1816300147868320*99*1~NM1*QC*1*MENDEZ*CELIDA****MI*PM95015K~NM1*74*1*MENDEZ*CELIDA*M~REF*EA*614698510~DTM*232*20180523~DTM*233*20180523~AMT*AU*140~SVC*HC:A0100:TN*140*140**4~DTM*472*20180523~REF*G1*31131986523~AMT*B6*140~CLP*614586780*1*153.99*153.99**MC*1816300147868420*99*1~NM1*QC*1*ROZARIO*ANNA****MI*MY47339U~REF*EA*614586780~DTM*232*20180521~DTM*233*20180521~AMT*AU*153.99~SVC*HC:A0100:TN*70*70**2~DTM*472*20180521~REF*G1*11131986302~AMT*B6*70~SVC*HC:S0215*22.47*22.47**7~DTM*472*20180521~REF*G1*11131986302~AMT*B6*22.47~SVC*HC:A0100:SC*50*50**2~DTM*472*20180521~REF*G1*11131986302~AMT*B6*50~SVC*HC:A0170:CG*11.52*11.52**1~DTM*472*20180521~REF*G1*11131986302~AMT*B6*11.52~CLP*614540830*1*51.9*51.9**MC*1816300147868520*99*1~NM1*QC*1*YUNG-MAK*WOON YIN****MI*TS69216W~REF*EA*614540830~DTM*232*20180524~DTM*233*20180524~AMT*AU*51.9~SVC*HC:A0100*51.9*51.9**2~DTM*472*20180524~REF*G1*91131986327~AMT*B6*51.9~CLP*614456480*1*51.9*51.9**MC*1816300147868620*99*1~NM1*QC*1*LI*FUXIAN****MI*QF10656N~REF*EA*614456480~DTM*232*20180524~DTM*233*20180524~AMT*AU*51.9~SVC*HC:A0100*51.9*51.9**2~DTM*472*20180524~REF*G1*31131986226~AMT*B6*51.9~CLP*614373900*1*131.52*131.52**MC*1816300147868720*99*1~NM1*QC*1*GARCIA*JORGE****MI*XU90686N~NM1*74*1*GARCIA*JORGE*G~REF*EA*614373900~DTM*232*20180524~DTM*233*20180524~AMT*AU*131.52~SVC*HC:A0100:TN*70*70**2~DTM*472*20180524~REF*G1*61131986635~AMT*B6*70~SVC*HC:A0100:SC*50*50**2~DTM*472*20180524~REF*G1*61131986635~AMT*B6*50~SVC*HC:A0170:CG*11.52*11.52**1~DTM*472*20180524~REF*G1*61131986635~AMT*B6*11.52~CLP*614350380*1*51.9*51.9**MC*1816300147868820*99*1~NM1*QC*1*WANG*WENCHENG****MI*MS54957X~REF*EA*614350380~DTM*232*20180525~DTM*233*20180525~AMT*AU*51.9~SVC*HC:A0100*51.9*51.9**2~DTM*472*20180525~REF*G1*51131986423~AMT*B6*51.9~CLP*614273550*1*51.9*51.9**MC*1816300147868920*99*1~NM1*QC*1*JEENARINE*STANLEY****MI*TZ20725J~REF*EA*614273550~DTM*232*20180524~DTM*233*20180524~AMT*AU*51.9~SVC*HC:A0100*51.9*51.9**2~DTM*472*20180524~REF*G1*91131986469~AMT*B6*51.9~CLP*614256240*1*70*70**MC*1816300147869020*99*1~NM1*QC*1*SANTIAGO*ROSA****MI*SK42824S~NM1*74*1*SANTIAGO*ROSA*M~REF*EA*614256240~DTM*232*20180525~DTM*233*20180525~AMT*AU*70~SVC*HC:A0100:TN*70*70**2~DTM*472*20180525~REF*G1*01131986398~AMT*B6*70~CLP*614232550*1*51.9*51.9**MC*1816300147869120*99*1~NM1*QC*1*DUTTA  GUPTA*DEBJANI****MI*NT50720D~REF*EA*614232550~DTM*232*20180521~DTM*233*20180521~AMT*AU*51.9~SVC*HC:A0100*51.9*51.9**2~DTM*472*20180521~REF*G1*71131985994~AMT*B6*51.9~CLP*617890130*1*102.1*102.1**MC*1816300147869220*99*1~NM1*QC*1*TURNER*ROBERT****MI*XB09081V~REF*EA*617890130~DTM*232*20180522~DTM*233*20180522~AMT*AU*102.1~SVC*HC:A0100:TN*70*70**2~DTM*472*20180522~REF*G1*01131988118~AMT*B6*70~SVC*HC:S0215*32.1*32.1**10~DTM*472*20180522~REF*G1*01131988118~AMT*B6*32.1~CLP*614216170*1*70*70**MC*1816300147869320*99*1~NM1*QC*1*MAYES*KENNETH****MI*XN80853S~REF*EA*614216170~DTM*232*20180524~DTM*233*20180524~AMT*AU*70~SVC*HC:A0100:TN*70*70**2~DTM*472*20180524~REF*G1*81131986172~AMT*B6*70~CLP*614151430*1*144.36*144.36**MC*1816300147869420*99*1~NM1*QC*1*FIERSTEIN*SAMUEL****MI*VX81030M~REF*EA*614151430~DTM*232*20180524~DTM*233*20180524~AMT*AU*144.36~SVC*HC:A0100:TN*70*70**2~DTM*472*20180524~REF*G1*61131985688~AMT*B6*70~SVC*HC:S0215*12.84*12.84**4~DTM*472*20180524~REF*G1*61131985688~AMT*B6*12.84~SVC*HC:A0100:SC*50*50**2~DTM*472*20180524~REF*G1*61131985688~AMT*B6*50~SVC*HC:A0170:CG*11.52*11.52**1~DTM*472*20180524~REF*G1*61131985688~AMT*B6*11.52~CLP*615256880*1*51.9*51.9**MC*1816300147869520*99*1~NM1*QC*1*BABAYOFF*IRIS****MI*UX68405R~REF*EA*615256880~DTM*232*20180522~DTM*233*20180522~AMT*AU*51.9~SVC*HC:A0100*51.9*51.9**2~DTM*472*20180522~REF*G1*71131986342~AMT*B6*51.9~CLP*614758620*1*95.95*95.95**MC*1816300147869620*99*1~NM1*QC*1*HULASIE*JEENARINE****MI*NS25067U~REF*EA*614758620~DTM*232*20180521~DTM*233*20180521~AMT*AU*95.95~SVC*HC:A0100*25.95*25.95**1~DTM*472*20180521~REF*G1*11131986500~AMT*B6*25.95~SVC*HC:A0100:TN*70*70**2~DTM*472*20180521~REF*G1*11131986500~AMT*B6*70~CLP*614867850*1*51.9*51.9**MC*1816300147869720*99*1~NM1*QC*1*CARTER*TIFFANY****MI*ZE27275B~NM1*74*1*CARTER*TIFFANY*E~REF*EA*614867850~DTM*232*20180522~DTM*233*20180522~AMT*AU*51.9~SVC*HC:A0100*51.9*51.9**2~DTM*472*20180522~REF*G1*01131986572~AMT*B6*51.9~CLP*614864880*1*51.9*51.9**MC*1816300147869820*99*1~NM1*QC*1*CHIU*FUNGSIN****MI*NA77401H~REF*EA*614864880~DTM*232*20180525~DTM*233*20180525~AMT*AU*51.9~SVC*HC:A0100*51.9*51.9**2~DTM*472*20180525~REF*G1*61131986550~AMT*B6*51.9~CLP*614864860*1*51.9*51.9**MC*1816300147869920*99*1~NM1*QC*1*CHIU*FUNGSIN****MI*NA77401H~REF*EA*614864860~DTM*232*20180524~DTM*233*20180524~AMT*AU*51.9~SVC*HC:A0100*51.9*51.9**2~DTM*472*20180524~REF*G1*71131986526~AMT*B6*51.9~CLP*614864840*1*51.9*51.9**MC*1816300147870020*99*1~NM1*QC*1*CHIU*FUNGSIN****MI*NA77401H~REF*EA*614864840~DTM*232*20180523~DTM*233*20180523~AMT*AU*51.9~SVC*HC:A0100*51.9*51.9**2~DTM*472*20180523~REF*G1*51131986503~AMT*B6*51.9~CLP*614864830*1*51.9*51.9**MC*1816300147870120*99*1~NM1*QC*1*CHIU*FUNGSIN****MI*NA77401H~REF*EA*614864830~DTM*232*20180522~DTM*233*20180522~AMT*AU*51.9~SVC*HC:A0100*51.9*51.9**2~DTM*472*20180522~REF*G1*51131986480~AMT*B6*51.9~CLP*614864800*1*51.9*51.9**MC*1816300147870220*99*1~NM1*QC*1*CHIU*FUNGSIN****MI*NA77401H~REF*EA*614864800~DTM*232*20180521~DTM*233*20180521~AMT*AU*51.9~SVC*HC:A0100*51.9*51.9**2~DTM*472*20180521~REF*G1*81131986455~AMT*B6*51.9~CLP*614844180*1*70*70**MC*1816300147870320*99*1~NM1*QC*1*NIE*BI****MI*SN38558N~NM1*74*1*NIE*BI*Q~REF*EA*614844180~DTM*232*20180523~DTM*233*20180523~AMT*AU*70~SVC*HC:A0100:TN*70*70**2~DTM*472*20180523~REF*G1*91131986308~AMT*B6*70~CLP*614838580*1*51.9*51.9**MC*1816300147870420*99*1~NM1*QC*1*WARFIELD*DARYL****MI*UC36318E~NM1*74*1*WARFIELD*DARYL*W~REF*EA*614838580~DTM*232*20180524~DTM*233*20180524~AMT*AU*51.9~SVC*HC:A0100*51.9*51.9**2~DTM*472*20180524~REF*G1*81131986257~AMT*B6*51.9~CLP*614828800*1*51.9*51.9**MC*1816300147870520*99*1~NM1*QC*1*KOOBLALL*BOODRAM****MI*NF06405N~REF*EA*614828800~DTM*232*20180521~DTM*233*20180521~AMT*AU*51.9~SVC*HC:A0100*51.9*51.9**2~DTM*472*20180521~REF*G1*11131986208~AMT*B6*51.9~CLP*614807020*1*51.9*51.9**MC*1816300147870620*99*1~NM1*QC*1*KALISCH*CHAYA****MI*SA68116E~REF*EA*614807020~DTM*232*20180522~DTM*233*20180522~AMT*AU*51.9~SVC*HC:A0100*51.9*51.9**2~DTM*472*20180522~REF*G1*11131986383~AMT*B6*51.9~CLP*615266510*1*76.42*76.42**MC*1816300147870720*99*1~NM1*QC*1*BURGOS*MADELINE****MI*WU35924C~REF*EA*615266510~DTM*232*20180522~DTM*233*20180522~AMT*AU*76.42~SVC*HC:A0100:TN*70*70**2~DTM*472*20180522~REF*G1*71131986465~AMT*B6*70~SVC*HC:S0215*6.42*6.42**2~DTM*472*20180522~REF*G1*71131986465~AMT*B6*6.42~CLP*616812450*1*126.42*126.42**MC*1816300147870820*99*1~NM1*QC*1*FORD*YANIQUE****MI*SG65867E~REF*EA*616812450~DTM*232*20180525~DTM*233*20180525~AMT*AU*126.42~SVC*HC:A0100:TN*70*70**2~DTM*472*20180525~REF*G1*21131987504~AMT*B6*70~SVC*HC:S0215*6.42*6.42**2~DTM*472*20180525~REF*G1*21131987504~AMT*B6*6.42~SVC*HC:A0100:SC*50*50**2~DTM*472*20180525~REF*G1*21131987504~AMT*B6*50~CLP*616772250*1*152.1*152.1**MC*1816300147870920*99*1~NM1*QC*1*SHAH*ANNA****MI*QT36429X~REF*EA*616772250~DTM*232*20180525~DTM*233*20180525~AMT*AU*152.1~SVC*HC:A0100:TN*70*70**2~DTM*472*20180525~REF*G1*01131987529~AMT*B6*70~SVC*HC:S0215*32.1*32.1**10~DTM*472*20180525~REF*G1*01131987529~AMT*B6*32.1~SVC*HC:A0100:SC*50*50**2~DTM*472*20180525~REF*G1*01131987529~AMT*B6*50~CLP*616771200*1*152.1*152.1**MC*1816300147871020*99*1~NM1*QC*1*SHAH*ANNA****MI*QT36429X~REF*EA*616771200~DTM*232*20180526~DTM*233*20180526~AMT*AU*152.1~SVC*HC:A0100:TN*70*70**2~DTM*472*20180526~REF*G1*41131987503~AMT*B6*70~SVC*HC:S0215*32.1*32.1**10~DTM*472*20180526~REF*G1*41131987503~AMT*B6*32.1~SVC*HC:A0100:SC*50*50**2~DTM*472*20180526~REF*G1*41131987503~AMT*B6*50~CLP*616627260*1*177.78*177.78**MC*1816300147871120*99*1~NM1*QC*1*TURNER*ROBERT****MI*XB09081V~REF*EA*616627260~DTM*232*20180526~DTM*233*20180526~AMT*AU*177.78~SVC*HC:A0100:TN*70*70**2~DTM*472*20180526~REF*G1*61131987422~AMT*B6*70~SVC*HC:S0215*57.78*57.78**18~DTM*472*20180526~REF*G1*61131987422~AMT*B6*57.78~SVC*HC:A0100:SC*50*50**2~DTM*472*20180526~REF*G1*61131987422~AMT*B6*50~CLP*616626940*1*190.62*190.62**MC*1816300147871220*99*1~NM1*QC*1*TURNER*ROBERT****MI*XB09081V~REF*EA*616626940~DTM*232*20180525~DTM*233*20180525~AMT*AU*190.62~SVC*HC:A0100:TN*70*70**2~DTM*472*20180525~REF*G1*11131987397~AMT*B6*70~SVC*HC:S0215*70.62*70.62**22~DTM*472*20180525~REF*G1*11131987397~AMT*B6*70.62~SVC*HC:A0100:SC*50*50**2~DTM*472*20180525~REF*G1*11131987397~AMT*B6*50~CLP*616456750*1*51.9*51.9**MC*1816300147871420*99*1~NM1*QC*1*LIRIANO*MELISSA****MI*RT94616C~REF*EA*616456750~DTM*232*20180523~DTM*233*20180523~AMT*AU*51.9~SVC*HC:A0100*51.9*51.9**2~DTM*472*20180523~REF*G1*11131987571~AMT*B6*51.9~CLP*616451620*1*25.95*25.95**MC*1816300147871520*99*1~NM1*QC*1*FRANCIS*SYDJANIE****MI*KE27256S~NM1*74*1*FRANCIS*SYDJANIE*C~REF*EA*616451620~DTM*232*20180525~DTM*233*20180525~AMT*AU*25.95~SVC*HC:A0100*25.95*25.95**1~DTM*472*20180525~REF*G1*61131987521~AMT*B6*25.95~CLP*616349000*1*113.42*113.42**MC*1816300147871720*99*1~NM1*QC*1*HARMON*JOHN****MI*ST38406Z~NM1*74*1*HARMON*JOHN*F~REF*EA*616349000~DTM*232*20180525~DTM*233*20180525~AMT*AU*113.42~SVC*HC:A0100*51.9*51.9**2~DTM*472*20180525~REF*G1*81131986733~AMT*B6*51.9~SVC*HC:A0100:SC*50*50**2~DTM*472*20180525~REF*G1*81131986733~AMT*B6*50~SVC*HC:A0170:CG*11.52*11.52**1~DTM*472*20180525~REF*G1*81131986733~AMT*B6*11.52~CLP*616208460*1*190.62*190.62**MC*1816300147871820*99*1~NM1*QC*1*BATISTA*FRANCES****MI*ZN65296Z~NM1*74*1*BATISTA*FRANCES*E~REF*EA*616208460~DTM*232*20180525~DTM*233*20180525~AMT*AU*190.62~SVC*HC:A0100:TN*70*70**2~DTM*472*20180525~REF*G1*81131986677~AMT*B6*70~SVC*HC:S0215*70.62*70.62**22~DTM*472*20180525~REF*G1*81131986677~AMT*B6*70.62~SVC*HC:A0100:SC*50*50**2~DTM*472*20180525~REF*G1*81131986677~AMT*B6*50~CLP*616819640*1*197.04*197.04**MC*1816300147871920*99*1~NM1*QC*1*HAWKINSLINGO*MAYLENE****MI*PT03668K~NM1*74*1*HAWKINSLINGO*MAYLENE*A~REF*EA*616819640~DTM*232*20180525~DTM*233*20180525~AMT*AU*197.04~SVC*HC:A0100:TN*70*70**2~DTM*472*20180525~REF*G1*51131987630~AMT*B6*70~SVC*HC:S0215*77.04*77.04**24~DTM*472*20180525~REF*G1*51131987630~AMT*B6*77.04~SVC*HC:A0100:SC*50*50**2~DTM*472*20180525~REF*G1*51131987630~AMT*B6*50~CLP*617890110*1*102.1*102.1**MC*1816300147872020*99*1~NM1*QC*1*TURNER*ROBERT****MI*XB09081V~REF*EA*617890110~DTM*232*20180521~DTM*233*20180521~AMT*AU*102.1~SVC*HC:A0100:TN*70*70**2~DTM*472*20180521~REF*G1*41131988093~AMT*B6*70~SVC*HC:S0215*32.1*32.1**10~DTM*472*20180521~REF*G1*41131988093~AMT*B6*32.1~CLP*617693210*1*102.1*102.1**MC*1816300147872120*99*1~NM1*QC*1*TURNER*ROBERT****MI*XB09081V~REF*EA*617693210~DTM*232*20180523~DTM*233*20180523~AMT*AU*102.1~SVC*HC:A0100:TN*70*70**2~DTM*472*20180523~REF*G1*51131987734~AMT*B6*70~SVC*HC:S0215*32.1*32.1**10~DTM*472*20180523~REF*G1*51131987734~AMT*B6*32.1~CLP*617354720*1*51.9*51.9**MC*1816300147872220*99*1~NM1*QC*1*SIDDIK*SAIHAAN****MI*XJ47860V~REF*EA*617354720~DTM*232*20180525~DTM*233*20180525~AMT*AU*51.9~SVC*HC:A0100*51.9*51.9**2~DTM*472*20180525~REF*G1*51131987239~AMT*B6*51.9~CLP*617057270*1*120*120**MC*1816300147872320*99*1~NM1*QC*1*NIE*BI****MI*SN38558N~NM1*74*1*NIE*BI*Q~REF*EA*617057270~DTM*232*20180525~DTM*233*20180525~AMT*AU*120~SVC*HC:A0100:TN*70*70**2~DTM*472*20180525~REF*G1*11131987354~AMT*B6*70~SVC*HC:A0100:SC*50*50**2~DTM*472*20180525~REF*G1*11131987354~AMT*B6*50~CLP*616977260*1*124*124**MC*1816300147872420*99*1~NM1*QC*1*ROCHE*AMANDA****MI*ZH38976C~NM1*74*1*ROCHE*AMANDA*M~REF*EA*616977260~DTM*232*20180525~DTM*233*20180525~AMT*AU*124~SVC*HC:A0100:TN*70*70**2~DTM*472*20180525~REF*G1*91131987454~AMT*B6*70~SVC*HC:S0215:TN*54*54**24~DTM*472*20180525~REF*G1*91131987454~AMT*B6*54~CLP*616967580*1*158.52*158.52**MC*1816300147872520*99*1~NM1*QC*1*SHAH*ANNA****MI*QT36429X~REF*EA*616967580~DTM*232*20180527~DTM*233*20180527~AMT*AU*158.52~SVC*HC:A0100:TN*70*70**2~DTM*472*20180527~REF*G1*41131987404~AMT*B6*70~SVC*HC:S0215*38.52*38.52**12~DTM*472*20180527~REF*G1*41131987404~AMT*B6*38.52~SVC*HC:A0100:SC*50*50**2~DTM*472*20180527~REF*G1*41131987404~AMT*B6*50~CLP*616922480*1*25.95*25.95**MC*1816300147872620*99*1~NM1*QC*1*HINDSBROWNE*SHAKIRA****MI*VQ42774H~REF*EA*616922480~DTM*232*20180525~DTM*233*20180525~AMT*AU*25.95~SVC*HC:A0100*25.95*25.95**1~DTM*472*20180525~REF*G1*31131987532~AMT*B6*25.95~CLP*616921790*1*51.9*51.9**MC*1816300147872720*99*1~NM1*QC*1*RASTOGI*INGRID****MI*QY13671Z~REF*EA*616921790~DTM*232*20180525~DTM*233*20180525~AMT*AU*51.9~SVC*HC:A0100*51.9*51.9**2~DTM*472*20180525~REF*G1*81131987506~AMT*B6*51.9~CLP*616870140*1*267.13*267.13**MC*1816300147872820*99*1~NM1*QC*1*CAFFEY*SHARON****MI*XQ37608H~REF*EA*616870140~DTM*232*20180526~DTM*233*20180526~AMT*AU*267.13~SVC*HC:A0100:TN*140*140**4~DTM*472*20180526~REF*G1*21131987202~AMT*B6*140~SVC*HC:S0215*9.63*9.63**3~DTM*472*20180526~REF*G1*21131987202~AMT*B6*9.63~SVC*HC:S0215:TN*67.5*67.5**30~DTM*472*20180526~REF*G1*21131987202~AMT*B6*67.5~SVC*HC:A0100:SC*50*50**2~DTM*472*20180526~REF*G1*21131987202~AMT*B6*50~CLP*616822490*1*147.57*147.57**MC*1816300147872920*99*1~NM1*QC*1*SPENCER*ANITA****MI*RC76691N~NM1*74*1*SPENCER*ANITA*M~REF*EA*616822490~DTM*232*20180525~DTM*233*20180525~AMT*AU*147.57~SVC*HC:A0100:TN*70*70**2~DTM*472*20180525~REF*G1*11131987175~AMT*B6*70~SVC*HC:S0215*16.05*16.05**5~DTM*472*20180525~REF*G1*11131987175~AMT*B6*16.05~SVC*HC:A0100:SC*50*50**2~DTM*472*20180525~REF*G1*11131987175~AMT*B6*50~SVC*HC:A0170:CG*11.52*11.52**1~DTM*472*20180525~REF*G1*11131987175~AMT*B6*11.52~CLP*616065220*1*70*70**MC*1816300147873120*99*1~NM1*QC*1*HULASIE*JEENARINE****MI*NS25067U~REF*EA*616065220~DTM*232*20180525~DTM*233*20180525~AMT*AU*70~SVC*HC:A0100:TN*70*70**2~DTM*472*20180525~REF*G1*21131987080~AMT*B6*70~CLP*615576820*1*214.5*214.5**MC*1816300147873220*99*1~NM1*QC*1*HAWKINSLINGO*MAYLENE****MI*PT03668K~NM1*74*1*HAWKINSLINGO*MAYLENE*A~REF*EA*615576820~DTM*232*20180523~DTM*233*20180523~AMT*AU*214.5~SVC*HC:A0100:TN*70*70**2~DTM*472*20180523~REF*G1*01131987043~AMT*B6*70~SVC*HC:S0215:TN*94.5*94.5**42~DTM*472*20180523~REF*G1*01131987043~AMT*B6*94.5~SVC*HC:A0100:SC*50*50**2~DTM*472*20180523~REF*G1*01131987043~AMT*B6*50~CLP*615513810*1*51.9*51.9**MC*1816300147873320*99*1~NM1*QC*1*YU*ZHENHUA****MI*NQ17938R~REF*EA*615513810~DTM*232*20180525~DTM*233*20180525~AMT*AU*51.9~SVC*HC:A0100*51.9*51.9**2~DTM*472*20180525~REF*G1*91131986889~AMT*B6*51.9~CLP*615387630*1*108.52*108.52**MC*1816300147873520*99*1~NM1*QC*1*SHAH*ANNA****MI*QT36429X~REF*EA*615387630~DTM*232*20180522~DTM*233*20180522~AMT*AU*108.52~SVC*HC:A0100:TN*70*70**2~DTM*472*20180522~REF*G1*71131986583~AMT*B6*70~SVC*HC:S0215*38.52*38.52**12~DTM*472*20180522~REF*G1*71131986583~AMT*B6*38.52~CLP*615383320*1*126.42*126.42**MC*1816300147873620*99*1~NM1*QC*1*FORD*YANIQUE****MI*SG65867E~REF*EA*615383320~DTM*232*20180523~DTM*233*20180523~AMT*AU*126.42~SVC*HC:A0100:TN*70*70**2~DTM*472*20180523~REF*G1*41131986537~AMT*B6*70~SVC*HC:S0215*6.42*6.42**2~DTM*472*20180523~REF*G1*41131986537~AMT*B6*6.42~SVC*HC:A0100:SC*50*50**2~DTM*472*20180523~REF*G1*41131986537~AMT*B6*50~CLP*615377910*1*70*70**MC*1816300147873720*99*1~NM1*QC*1*CAI*HONGYI****MI*PN23626K~REF*EA*615377910~DTM*232*20180524~DTM*233*20180524~AMT*AU*70~SVC*HC:A0100:TN*70*70**2~DTM*472*20180524~REF*G1*21131986514~AMT*B6*70~CLP*615366290*1*70*70**MC*1816300147873820*99*1~NM1*QC*1*GOODWINE*EARL****MI*SE94474U~REF*EA*615366290~DTM*232*20180522~DTM*233*20180522~AMT*AU*70~SVC*HC:A0100:TN*70*70**2~DTM*472*20180522~REF*G1*31131986443~AMT*B6*70~CLP*615328220*1*76.42*76.42**MC*1816300147873920*99*1~NM1*QC*1*DUNN*CATHY****MI*YA74328D~REF*EA*615328220~DTM*232*20180521~DTM*233*20180521~AMT*AU*76.42~SVC*HC:A0100:TN*70*70**2~DTM*472*20180521~REF*G1*61131986536~AMT*B6*70~SVC*HC:S0215*6.42*6.42**2~DTM*472*20180521~REF*G1*61131986536~AMT*B6*6.42~CLP*615327730*1*212.25*212.25**MC*1816300147874020*99*1~NM1*QC*1*HAWKINSLINGO*MAYLENE****MI*PT03668K~NM1*74*1*HAWKINSLINGO*MAYLENE*A~REF*EA*615327730~DTM*232*20180522~DTM*233*20180522~AMT*AU*212.25~SVC*HC:A0100:TN*70*70**2~DTM*472*20180522~REF*G1*41131986513~AMT*B6*70~SVC*HC:S0215:TN*92.25*92.25**41~DTM*472*20180522~REF*G1*41131986513~AMT*B6*92.25~SVC*HC:A0100:SC*50*50**2~DTM*472*20180522~REF*G1*41131986513~AMT*B6*50~CLP*615327650*1*126.42*126.42**MC*1816300147874120*99*1~NM1*QC*1*FORD*YANIQUE****MI*SG65867E~REF*EA*615327650~DTM*232*20180521~DTM*233*20180521~AMT*AU*126.42~SVC*HC:A0100:TN*70*70**2~DTM*472*20180521~REF*G1*41131986490~AMT*B6*70~SVC*HC:S0215*6.42*6.42**2~DTM*472*20180521~REF*G1*41131986490~AMT*B6*6.42~SVC*HC:A0100:SC*50*50**2~DTM*472*20180521~REF*G1*41131986490~AMT*B6*50~CLP*615663710*1*70*70**MC*1816300147874220*99*1~NM1*QC*1*HULASIE*JEENARINE****MI*NS25067U~REF*EA*615663710~DTM*232*20180524~DTM*233*20180524~AMT*AU*70~SVC*HC:A0100:TN*70*70**2~DTM*472*20180524~REF*G1*11131987095~AMT*B6*70~CLP*615668720*1*131.52*131.52**MC*1816300147874320*99*1~NM1*QC*1*MENDEZ*MARIA****MI*ZS73591F~REF*EA*615668720~DTM*232*20180525~DTM*233*20180525~AMT*AU*131.52~SVC*HC:A0100:TN*70*70**2~DTM*472*20180525~REF*G1*41131987145~AMT*B6*70~SVC*HC:A0100:SC*50*50**2~DTM*472*20180525~REF*G1*41131987145~AMT*B6*50~SVC*HC:A0170:CG*11.52*11.52**1~DTM*472*20180525~REF*G1*41131987145~AMT*B6*11.52~CLP*616045940*1*51.9*51.9**MC*1816300147874520*99*1~NM1*QC*1*LEARY*ROBIN****MI*YX27005A~NM1*74*1*LEARY*ROBIN*Y~REF*EA*616045940~DTM*232*20180525~DTM*233*20180525~AMT*AU*51.9~SVC*HC:A0100*51.9*51.9**2~DTM*472*20180525~REF*G1*61131986673~AMT*B6*51.9~CLP*616024850*1*60*60**MC*1816300147874620*99*1~NM1*QC*1*WHEELER*MICHELLE****MI*ZH58289H~REF*EA*616024850~DTM*232*20180524~DTM*233*20180524~AMT*AU*60~SVC*HC:A0100:TN*35*35**1~DTM*472*20180524~REF*G1*71131986927~AMT*B6*35~SVC*HC:A0100:SC*25*25**1~DTM*472*20180524~REF*G1*71131986927~AMT*B6*25~CLP*615917180*1*161.73*161.73**MC*1816300147874720*99*1~NM1*QC*1*HAWKINSLINGO*MAYLENE****MI*PT03668K~NM1*74*1*HAWKINSLINGO*MAYLENE*A~REF*EA*615917180~DTM*232*20180524~DTM*233*20180524~AMT*AU*161.73~SVC*HC:A0100:TN*70*70**2~DTM*472*20180524~REF*G1*41131987126~AMT*B6*70~SVC*HC:S0215*41.73*41.73**13~DTM*472*20180524~REF*G1*41131987126~AMT*B6*41.73~SVC*HC:A0100:SC*50*50**2~DTM*472*20180524~REF*G1*41131987126~AMT*B6*50~CLP*615885130*1*158.52*158.52**MC*1816300147874820*99*1~NM1*QC*1*SHAH*ANNA****MI*QT36429X~REF*EA*615885130~DTM*232*20180523~DTM*233*20180523~AMT*AU*158.52~SVC*HC:A0100:TN*70*70**2~DTM*472*20180523~REF*G1*41131986773~AMT*B6*70~SVC*HC:S0215*38.52*38.52**12~DTM*472*20180523~REF*G1*41131986773~AMT*B6*38.52~SVC*HC:A0100:SC*50*50**2~DTM*472*20180523~REF*G1*41131986773~AMT*B6*50~CLP*615859290*1*51.9*51.9**MC*1816300147874920*99*1~NM1*QC*1*JONES*ROSETTA****MI*ZC05411N~REF*EA*615859290~DTM*232*20180524~DTM*233*20180524~AMT*AU*51.9~SVC*HC:A0100*51.9*51.9**2~DTM*472*20180524~REF*G1*51131986669~AMT*B6*51.9~CLP*615855700*1*81.52*81.52**MC*1816300147875020*99*1~NM1*QC*1*MILLER*TERI****MI*ZW58156B~NM1*74*1*MILLER*TERI*L~REF*EA*615855700~DTM*232*20180524~DTM*233*20180524~AMT*AU*81.52~SVC*HC:A0100:TN*70*70**2~DTM*472*20180524~REF*G1*31131987075~AMT*B6*70~SVC*HC:A0170:CG*11.52*11.52**1~DTM*472*20180524~REF*G1*31131987075~AMT*B6*11.52~CLP*615835890*1*144.36*144.36**MC*1816300147875120*99*1~NM1*QC*1*ZHENG*WILLIAM****MI*YT98743U~REF*EA*615835890~DTM*232*20180524~DTM*233*20180524~AMT*AU*144.36~SVC*HC:A0100:TN*70*70**2~DTM*472*20180524~REF*G1*61131986871~AMT*B6*70~SVC*HC:S0215*12.84*12.84**4~DTM*472*20180524~REF*G1*61131986871~AMT*B6*12.84~SVC*HC:A0100:SC*50*50**2~DTM*472*20180524~REF*G1*61131986871~AMT*B6*50~SVC*HC:A0170:CG*11.52*11.52**1~DTM*472*20180524~REF*G1*61131986871~AMT*B6*11.52~CLP*615821990*1*51.9*51.9**MC*1816300147875220*99*1~NM1*QC*1*MORAN*PRISCILLA****MI*YV70188N~NM1*74*1*MORAN*PRISCILLA*E~REF*EA*615821990~DTM*232*20180523~DTM*233*20180523~AMT*AU*51.9~SVC*HC:A0100*51.9*51.9**2~DTM*472*20180523~REF*G1*51131987074~AMT*B6*51.9~CLP*615814450*1*70*70**MC*1816300147875320*99*1~NM1*QC*1*KEITT*JOHN****MI*ZH11392W~REF*EA*615814450~DTM*232*20180524~DTM*233*20180524~AMT*AU*70~SVC*HC:A0100:TN*70*70**2~DTM*472*20180524~REF*G1*51131986947~AMT*B6*70~CLP*613978300*1*145.02*145.02**MC*1816300147875420*99*1~NM1*QC*1*KUANG*CUI****MI*XA99269A~NM1*74*1*KUANG*CUI*Y~REF*EA*613978300~DTM*232*20180525~DTM*233*20180525~AMT*AU*145.02~SVC*HC:A0100:TN*70*70**2~DTM*472*20180525~REF*G1*71131985739~AMT*B6*70~SVC*HC:S0215*19.26*19.26**6~DTM*472*20180525~REF*G1*71131985739~AMT*B6*19.26~SVC*HC:A0100:SC*50*50**2~DTM*472*20180525~REF*G1*71131985739~AMT*B6*50~SVC*HC:A0170:CG*5.76*5.76**1~DTM*472*20180525~REF*G1*71131985739~AMT*B6*5.76~CLP*613976360*1*77.85*77.85**MC*1816300147875620*99*1~NM1*QC*1*KUANG*CUI****MI*XA99269A~NM1*74*1*KUANG*CUI*Y~REF*EA*613976360~DTM*232*20180523~DTM*233*20180523~AMT*AU*77.85~SVC*HC:A0100*77.85*77.85**3~DTM*472*20180523~REF*G1*91131985714~AMT*B6*77.85~CLP*588942410*1*51.9*51.9**MC*1816300147875720*99*1~NM1*QC*1*ORTIZ*LEONEL****MI*XX50118N~NM1*74*1*ORTIZ*LEONEL*A~REF*EA*588942410~DTM*232*20180522~DTM*233*20180522~AMT*AU*51.9~SVC*HC:A0100*51.9*51.9**2~DTM*472*20180522~REF*G1*01131983045~AMT*B6*51.9~CLP*587938120*1*70*70**MC*1816300147875820*99*1~NM1*QC*1*MAYES*KENNETH****MI*XN80853S~REF*EA*587938120~DTM*232*20180521~DTM*233*20180521~AMT*AU*70~SVC*HC:A0100:TN*70*70**2~DTM*472*20180521~REF*G1*51131983279~AMT*B6*70~CLP*587029340*1*283.09*283.09**MC*1816300147875920*99*1~NM1*QC*1*BATISTA*FRANCES****MI*ZN65296Z~NM1*74*1*BATISTA*FRANCES*E~REF*EA*587029340~DTM*232*20180524~DTM*233*20180524~AMT*AU*283.09~SVC*HC:A0100:TN*140*140**4~DTM*472*20180524~REF*G1*61131983146~AMT*B6*140~SVC*HC:S0215*93.09*93.09**29~DTM*472*20180524~REF*G1*61131983146~AMT*B6*93.09~SVC*HC:A0100:SC*50*50**2~DTM*472*20180524~REF*G1*61131983146~AMT*B6*50~CLP*583025090*1*147.57*147.57**MC*1816300147876320*99*1~NM1*QC*1*LU*HAITAO****MI*PM52737C~REF*EA*583025090~DTM*232*20180522~DTM*233*20180522~AMT*AU*147.57~SVC*HC:A0100:TN*70*70**2~DTM*472*20180522~REF*G1*41131983246~AMT*B6*70~SVC*HC:S0215*16.05*16.05**5~DTM*472*20180522~REF*G1*41131983246~AMT*B6*16.05~SVC*HC:A0100:SC*50*50**2~DTM*472*20180522~REF*G1*41131983246~AMT*B6*50~SVC*HC:A0170:CG*11.52*11.52**1~DTM*472*20180522~REF*G1*41131983246~AMT*B6*11.52~CLP*588942420*1*51.9*51.9**MC*1816300147876620*99*1~NM1*QC*1*ORTIZ*LEONEL****MI*XX50118N~NM1*74*1*ORTIZ*LEONEL*A~REF*EA*588942420~DTM*232*20180524~DTM*233*20180524~AMT*AU*51.9~SVC*HC:A0100*51.9*51.9**2~DTM*472*20180524~REF*G1*71131983070~AMT*B6*51.9~CLP*605146510*1*70*70**MC*1816300147876720*99*1~NM1*QC*1*SANTIAGO*ROSA****MI*SK42824S~NM1*74*1*SANTIAGO*ROSA*M~REF*EA*605146510~DTM*232*20180524~DTM*233*20180524~AMT*AU*70~SVC*HC:A0100:TN*70*70**2~DTM*472*20180524~REF*G1*11131984242~AMT*B6*70~CLP*609394980*1*51.9*51.9**MC*1816300147876820*99*1~NM1*QC*1*YACOOB*AZAAD****MI*YP39454H~REF*EA*609394980~DTM*232*20180522~DTM*233*20180522~AMT*AU*51.9~SVC*HC:A0100*51.9*51.9**2~DTM*472*20180522~REF*G1*51131984660~AMT*B6*51.9~CLP*608754460*1*51.9*51.9**MC*1816300147876920*99*1~NM1*QC*1*BELIAVSKY*VERA****MI*YA32283W~NM1*74*1*BELIAVSKY*VERA*A~REF*EA*608754460~DTM*232*20180523~DTM*233*20180523~AMT*AU*51.9~SVC*HC:A0100*51.9*51.9**2~DTM*472*20180523~REF*G1*81131984678~AMT*B6*51.9~CLP*608532340*1*51.9*51.9**MC*1816300147877020*99*1~NM1*QC*1*CASTRO*MALKE****MI*TD72904R~NM1*74*1*CASTRO*MALKE*J~REF*EA*608532340~DTM*232*20180522~DTM*233*20180522~AMT*AU*51.9~SVC*HC:A0100*51.9*51.9**2~DTM*472*20180522~REF*G1*71131984447~AMT*B6*51.9~CLP*608118600*1*110.41*110.41**MC*1816300147877120*99*1~NM1*QC*1*LIU*EVAN****MI*KS59406S~REF*EA*608118600~DTM*232*20180523~DTM*233*20180523~AMT*AU*110.41~SVC*HC:A0100:TN*70*70**2~DTM*472*20180523~REF*G1*91131984804~AMT*B6*70~SVC*HC:S0215*28.89*28.89**9~DTM*472*20180523~REF*G1*91131984804~AMT*B6*28.89~SVC*HC:A0170:CG*11.52*11.52**1~DTM*472*20180523~REF*G1*91131984804~AMT*B6*11.52~CLP*608111850*1*51.9*51.9**MC*1816300147877220*99*1~NM1*QC*1*WANG*FENGLU****MI*KX07878H~REF*EA*608111850~DTM*232*20180526~DTM*233*20180526~AMT*AU*51.9~SVC*HC:A0100*51.9*51.9**2~DTM*472*20180526~REF*G1*71131984749~AMT*B6*51.9~CLP*608111830*1*51.9*51.9**MC*1816300147877320*99*1~NM1*QC*1*WANG*FENGLU****MI*KX07878H~REF*EA*608111830~DTM*232*20180523~DTM*233*20180523~AMT*AU*51.9~SVC*HC:A0100*51.9*51.9**2~DTM*472*20180523~REF*G1*91131984724~AMT*B6*51.9~CLP*607575970*1*51.9*51.9**MC*1816300147877420*99*1~NM1*QC*1*TAN*NGWEMGON****MI*RN58704V~NM1*74*1*TAN*NGWEMGON*W~REF*EA*607575970~DTM*232*20180526~DTM*233*20180526~AMT*AU*51.9~SVC*HC:A0100*51.9*51.9**2~DTM*472*20180526~REF*G1*41131984491~AMT*B6*51.9~CLP*606421410*1*140.62*140.62**MC*1816300147877520*99*1~NM1*QC*1*MEJIA*ELIZABETH****MI*WA51950F~REF*EA*606421410~DTM*232*20180523~DTM*233*20180523~AMT*AU*140.62~SVC*HC:A0100:TN*70*70**2~DTM*472*20180523~REF*G1*21131983945~AMT*B6*70~SVC*HC:S0215*70.62*70.62**22~DTM*472*20180523~REF*G1*21131983945~AMT*B6*70.62~CLP*565130640*1*137.41*137.41**MC*1816300147877920*99*1~NM1*QC*1*LUO*XIAOFANG****MI*KF17862J~REF*EA*565130640~DTM*232*20180521~DTM*233*20180521~AMT*AU*137.41~SVC*HC:A0100:TN*70*70**2~DTM*472*20180521~REF*G1*51131982468~AMT*B6*70~SVC*HC:S0215*67.41*67.41**21~DTM*472*20180521~REF*G1*51131982468~AMT*B6*67.41~CLP*562664580*1*51.9*51.9**MC*1816300147878020*99*1~NM1*QC*1*FIERSTEIN*SAMUEL****MI*VX81030M~REF*EA*562664580~DTM*232*20180523~DTM*233*20180523~AMT*AU*51.9~SVC*HC:A0100*51.9*51.9**2~DTM*472*20180523~REF*G1*51131982543~AMT*B6*51.9~CLP*557507410*1*127.78*127.78**MC*1816300147878120*99*1~NM1*QC*1*BATISTA*FRANCES****MI*ZN65296Z~NM1*74*1*BATISTA*FRANCES*E~REF*EA*557507410~DTM*232*20180526~DTM*233*20180526~AMT*AU*127.78~SVC*HC:A0100:TN*70*70**2~DTM*472*20180526~REF*G1*41131982218~AMT*B6*70~SVC*HC:S0215*57.78*57.78**18~DTM*472*20180526~REF*G1*41131982218~AMT*B6*57.78~CLP*557507400*1*127.78*127.78**MC*1816300147878220*99*1~NM1*QC*1*BATISTA*FRANCES****MI*ZN65296Z~NM1*74*1*BATISTA*FRANCES*E~REF*EA*557507400~DTM*232*20180523~DTM*233*20180523~AMT*AU*127.78~SVC*HC:A0100:TN*70*70**2~DTM*472*20180523~REF*G1*71131982202~AMT*B6*70~SVC*HC:S0215*57.78*57.78**18~DTM*472*20180523~REF*G1*71131982202~AMT*B6*57.78~CLP*557507390*1*127.78*127.78**MC*1816300147878320*99*1~NM1*QC*1*BATISTA*FRANCES****MI*ZN65296Z~NM1*74*1*BATISTA*FRANCES*E~REF*EA*557507390~DTM*232*20180521~DTM*233*20180521~AMT*AU*127.78~SVC*HC:A0100:TN*70*70**2~DTM*472*20180521~REF*G1*31131982181~AMT*B6*70~SVC*HC:S0215*57.78*57.78**18~DTM*472*20180521~REF*G1*31131982181~AMT*B6*57.78~CLP*549285700*1*124.57*54.57**MC*1816300147878420*99*1~NM1*QC*1*MEJIA*ELIZABETH****MI*WA51950F~REF*EA*549285700~DTM*232*20180522~DTM*233*20180522~AMT*AU*54.57~SVC*HC:A0100:TN*70*0**0~DTM*472*20180522~CAS*CO*198*70~REF*G1*71131981410~LQ*HE*N758~SVC*HC:S0215*54.57*54.57**17~DTM*472*20180522~REF*G1*71131981410~AMT*B6*54.57~CLP*544984690*1*51.9*51.9**MC*1816300147878520*99*1~NM1*QC*1*KUANG*CUI****MI*XA99269A~NM1*74*1*KUANG*CUI*Y~REF*EA*544984690~DTM*232*20180521~DTM*233*20180521~AMT*AU*51.9~SVC*HC:A0100*51.9*51.9**2~DTM*472*20180521~REF*G1*81131981726~AMT*B6*51.9~CLP*526942080*1*51.9*51.9**MC*1816300147878620*99*1~NM1*QC*1*YEUNG*SHOULIANG****MI*KJ81008U~REF*EA*526942080~DTM*232*20180526~DTM*233*20180526~AMT*AU*51.9~SVC*HC:A0100*51.9*51.9**2~DTM*472*20180526~REF*G1*31131981370~AMT*B6*51.9~CLP*526942070*1*51.9*51.9**MC*1816300147878720*99*1~NM1*QC*1*YEUNG*SHOULIANG****MI*KJ81008U~REF*EA*526942070~DTM*232*20180524~DTM*233*20180524~AMT*AU*51.9~SVC*HC:A0100*51.9*51.9**2~DTM*472*20180524~REF*G1*81131981344~AMT*B6*51.9~CLP*566972960*1*51.9*51.9**MC*1816300147878820*99*1~NM1*QC*1*RASTOGI*INGRID****MI*QY13671Z~REF*EA*566972960~DTM*232*20180522~DTM*233*20180522~AMT*AU*51.9~SVC*HC:A0100*51.9*51.9**2~DTM*472*20180522~REF*G1*81131982391~AMT*B6*51.9~CLP*566972970*1*51.9*51.9**MC*1816300147878920*99*1~NM1*QC*1*RASTOGI*INGRID****MI*QY13671Z~REF*EA*566972970~DTM*232*20180523~DTM*233*20180523~AMT*AU*51.9~SVC*HC:A0100*51.9*51.9**2~DTM*472*20180523~REF*G1*81131982419~AMT*B6*51.9~CLP*573996960*1*137.41*137.41**MC*1816300147879220*99*1~NM1*QC*1*LUO*XIAOFANG****MI*KF17862J~REF*EA*573996960~DTM*232*20180523~DTM*233*20180523~AMT*AU*137.41~SVC*HC:A0100:TN*70*70**2~DTM*472*20180523~REF*G1*71131982820~AMT*B6*70~SVC*HC:S0215*67.41*67.41**21~DTM*472*20180523~REF*G1*71131982820~AMT*B6*67.41~CLP*568476020*1*51.9*51.9**MC*1816300147879320*99*1~NM1*QC*1*FIERSTEIN*SAMUEL****MI*VX81030M~REF*EA*568476020~DTM*232*20180521~DTM*233*20180521~AMT*AU*51.9~SVC*HC:A0100*51.9*51.9**2~DTM*472*20180521~REF*G1*21131982370~AMT*B6*51.9~CLP*568111410*1*51.9*51.9**MC*1816300147879420*99*1~NM1*QC*1*ORTIZ*LEONEL****MI*XX50118N~NM1*74*1*ORTIZ*LEONEL*A~REF*EA*568111410~DTM*232*20180525~DTM*233*20180525~AMT*AU*51.9~SVC*HC:A0100*51.9*51.9**2~DTM*472*20180525~REF*G1*11131982606~AMT*B6*51.9~CLP*568111380*1*51.9*51.9**MC*1816300147879520*99*1~NM1*QC*1*ORTIZ*LEONEL****MI*XX50118N~NM1*74*1*ORTIZ*LEONEL*A~REF*EA*568111380~DTM*232*20180523~DTM*233*20180523~AMT*AU*51.9~SVC*HC:A0100*51.9*51.9**2~DTM*472*20180523~REF*G1*01131982579~AMT*B6*51.9~CLP*568111370*1*51.9*51.9**MC*1816300147879620*99*1~NM1*QC*1*ORTIZ*LEONEL****MI*XX50118N~NM1*74*1*ORTIZ*LEONEL*A~REF*EA*568111370~DTM*232*20180521~DTM*233*20180521~AMT*AU*51.9~SVC*HC:A0100*51.9*51.9**2~DTM*472*20180521~REF*G1*41131982553~AMT*B6*51.9~CLP*566972980*1*51.9*51.9**MC*1816300147879720*99*1~NM1*QC*1*RASTOGI*INGRID****MI*QY13671Z~REF*EA*566972980~DTM*232*20180524~DTM*233*20180524~AMT*AU*51.9~SVC*HC:A0100*51.9*51.9**2~DTM*472*20180524~REF*G1*51131982444~AMT*B6*51.9~CLP*609447900*1*70*70**MC*1816300147879820*99*1~NM1*QC*1*CHEN*ROY****MI*MJ42714V~REF*EA*609447900~DTM*232*20180521~DTM*233*20180521~AMT*AU*70~SVC*HC:A0100:TN*70*70**2~DTM*472*20180521~REF*G1*51131984481~AMT*B6*70~CLP*612474880*1*82.84*82.84**MC*1816300147879920*99*1~NM1*QC*1*SINGH*SUKHJIT****MI*SD84614G~REF*EA*612474880~DTM*232*20180525~DTM*233*20180525~AMT*AU*82.84~SVC*HC:A0100:TN*70*70**2~DTM*472*20180525~REF*G1*01131985747~AMT*B6*70~SVC*HC:S0215*12.84*12.84**4~DTM*472*20180525~REF*G1*01131985747~AMT*B6*12.84~CLP*613667330*1*79.63*79.63**MC*1816300147880020*99*1~NM1*QC*1*VASQUEZ*NYDIA****MI*ZR93788C~REF*EA*613667330~DTM*232*20180523~DTM*233*20180523~AMT*AU*79.63~SVC*HC:A0100:TN*70*70**2~DTM*472*20180523~REF*G1*81131985682~AMT*B6*70~SVC*HC:S0215*9.63*9.63**3~DTM*472*20180523~REF*G1*81131985682~AMT*B6*9.63~CLP*612287640*1*51.9*51.9**MC*1816300147880120*99*1~NM1*QC*1*CHEN*YE JUN****MI*QN14806E~REF*EA*612287640~DTM*232*20180524~DTM*233*20180524~AMT*AU*51.9~SVC*HC:A0100*51.9*51.9**2~DTM*472*20180524~REF*G1*01131985921~AMT*B6*51.9~CLP*613725260*1*51.9*51.9**MC*1816300147880220*99*1~NM1*QC*1*TRABOULSY*CHRISTINA****MI*ZA17590R~REF*EA*613725260~DTM*232*20180522~DTM*233*20180522~AMT*AU*51.9~SVC*HC:A0100*51.9*51.9**2~DTM*472*20180522~REF*G1*01131986114~AMT*B6*51.9~CLP*612287400*1*51.9*51.9**MC*1816300147880320*99*1~NM1*QC*1*CHEN*YE JUN****MI*QN14806E~REF*EA*612287400~DTM*232*20180522~DTM*233*20180522~AMT*AU*51.9~SVC*HC:A0100*51.9*51.9**2~DTM*472*20180522~REF*G1*51131985896~AMT*B6*51.9~CLP*613782990*1*131.52*131.52**MC*1816300147880420*99*1~NM1*QC*1*CULLEN*EILEEN****MI*UA80585H~NM1*74*1*CULLEN*EILEEN*B~REF*EA*613782990~DTM*232*20180525~DTM*233*20180525~AMT*AU*131.52~SVC*HC:A0100:TN*70*70**2~DTM*472*20180525~REF*G1*31131985712~AMT*B6*70~SVC*HC:A0100:SC*50*50**2~DTM*472*20180525~REF*G1*31131985712~AMT*B6*50~SVC*HC:A0170:CG*11.52*11.52**1~DTM*472*20180525~REF*G1*31131985712~AMT*B6*11.52~CLP*612280010*1*50.95*50.95**MC*1816300147880520*99*1~NM1*QC*1*SANTOS*MARILINE****MI*QZ36262V~REF*EA*612280010~DTM*232*20180521~DTM*233*20180521~AMT*AU*50.95~SVC*HC:A0100*25.95*25.95**1~DTM*472*20180521~REF*G1*01131985846~AMT*B6*25.95~SVC*HC:A0100:SC*25*25**1~DTM*472*20180521~REF*G1*01131985846~AMT*B6*25~CLP*612116860*1*70*70**MC*1816300147880620*99*1~NM1*QC*1*CARLOS*LISA****MI*ZU91547R~REF*EA*612116860~DTM*232*20180521~DTM*233*20180521~AMT*AU*70~SVC*HC:A0100:TN*70*70**2~DTM*472*20180521~REF*G1*61131985560~AMT*B6*70~CLP*613404370*1*171.36*171.36**MC*1816300147880820*99*1~NM1*QC*1*YACOOB*AZAAD****MI*YP39454H~REF*EA*613404370~DTM*232*20180524~DTM*233*20180524~AMT*AU*171.36~SVC*HC:A0100:TN*70*70**2~DTM*472*20180524~REF*G1*51131985858~AMT*B6*70~SVC*HC:S0215*51.36*51.36**16~DTM*472*20180524~REF*G1*51131985858~AMT*B6*51.36~SVC*HC:A0100:SC*50*50**2~DTM*472*20180524~REF*G1*51131985858~AMT*B6*50~CLP*613576360*1*65.76*65.76**MC*1816300147880920*99*1~NM1*QC*1*LIN*ANGELA****MI*KH67506Q~REF*EA*613576360~DTM*232*20180524~DTM*233*20180524~AMT*AU*65.76~SVC*HC:A0100:TN*35*35**1~DTM*472*20180524~REF*G1*51131923898~AMT*B6*35~SVC*HC:A0100:SC*25*25**1~DTM*472*20180524~REF*G1*51131923898~AMT*B6*25~SVC*HC:A0170:CG*5.76*5.76**1~DTM*472*20180524~REF*G1*51131923898~AMT*B6*5.76~CLP*612508910*1*51.9*51.9**MC*1816300147881020*99*1~NM1*QC*1*MORGAN*TRACEYANN****MI*TE05142U~REF*EA*612508910~DTM*232*20180521~DTM*233*20180521~AMT*AU*51.9~SVC*HC:A0100*51.9*51.9**2~DTM*472*20180521~REF*G1*91131985998~AMT*B6*51.9~CLP*613325220*1*51.9*51.9**MC*1816300147881120*99*1~NM1*QC*1*SANANGO*TRACY****MI*KY88070E~NM1*74*1*SANANGO*TRACY*J~REF*EA*613325220~DTM*232*20180524~DTM*233*20180524~AMT*AU*51.9~SVC*HC:A0100*51.9*51.9**2~DTM*472*20180524~REF*G1*41131985806~AMT*B6*51.9~CLP*613313010*1*70*70**MC*1816300147881220*99*1~NM1*QC*1*CASTRO*MALKE****MI*TD72904R~NM1*74*1*CASTRO*MALKE*J~REF*EA*613313010~DTM*232*20180521~DTM*233*20180521~AMT*AU*70~SVC*HC:A0100:TN*70*70**2~DTM*472*20180521~REF*G1*51131985730~AMT*B6*70~CLP*613507550*1*104.28*104.28**MC*1816300147881320*99*1~NM1*QC*1*DOUGLAS*CATHERINE****MI*ZQ10118K~REF*EA*613507550~DTM*232*20180522~DTM*233*20180522~AMT*AU*104.28~SVC*HC:A0100:TN*35*35**1~DTM*472*20180522~REF*G1*01131986010~AMT*B6*35~SVC*HC:S0215*38.52*38.52**12~DTM*472*20180522~REF*G1*01131986010~AMT*B6*38.52~SVC*HC:A0100:SC*25*25**1~DTM*472*20180522~REF*G1*01131986010~AMT*B6*25~SVC*HC:A0170:CG*5.76*5.76**1~DTM*472*20180522~REF*G1*01131986010~AMT*B6*5.76~CLP*613009700*1*31.71*31.71**MC*1816300152431020*99*1~NM1*QC*1*ADAMS*SHASHEENA****MI*XJ86345Q~NM1*74*1*ADAMS*SHASHEENA*T~REF*EA*613009700~DTM*232*20180525~DTM*233*20180525~AMT*AU*31.71~SVC*HC:A0100*25.95*25.95**1~DTM*472*20180525~REF*G1*81131985828~AMT*B6*25.95~SVC*HC:A0170:CG*5.76*5.76**1~DTM*472*20180525~REF*G1*81131985828~AMT*B6*5.76~CLP*613008970*1*51.9*51.9**MC*1816300152431120*99*1~NM1*QC*1*ADAMS*SHASHEENA****MI*XJ86345Q~NM1*74*1*ADAMS*SHASHEENA*T~REF*EA*613008970~DTM*232*20180523~DTM*233*20180523~AMT*AU*51.9~SVC*HC:A0100*51.9*51.9**2~DTM*472*20180523~REF*G1*01131985803~AMT*B6*51.9~CLP*612853080*1*147.57*147.57**MC*1816300152431220*99*1~NM1*QC*1*MANZANO*DOLORES****MI*ZR38619M~REF*EA*612853080~DTM*232*20180524~DTM*233*20180524~AMT*AU*147.57~SVC*HC:A0100:TN*70*70**2~DTM*472*20180524~REF*G1*31131986028~AMT*B6*70~SVC*HC:S0215*16.05*16.05**5~DTM*472*20180524~REF*G1*31131986028~AMT*B6*16.05~SVC*HC:A0100:SC*50*50**2~DTM*472*20180524~REF*G1*31131986028~AMT*B6*50~SVC*HC:A0170:CG*11.52*11.52**1~DTM*472*20180524~REF*G1*31131986028~AMT*B6*11.52~CLP*612851930*1*157.2*157.2**MC*1816300152431320*99*1~NM1*QC*1*MANZANO*DOLORES****MI*ZR38619M~REF*EA*612851930~DTM*232*20180523~DTM*233*20180523~AMT*AU*157.2~SVC*HC:A0100:TN*70*70**2~DTM*472*20180523~REF*G1*71131986002~AMT*B6*70~SVC*HC:S0215*25.68*25.68**8~DTM*472*20180523~REF*G1*71131986002~AMT*B6*25.68~SVC*HC:A0100:SC*50*50**2~DTM*472*20180523~REF*G1*71131986002~AMT*B6*50~SVC*HC:A0170:CG*11.52*11.52**1~DTM*472*20180523~REF*G1*71131986002~AMT*B6*11.52~CLP*612799590*1*51.9*51.9**MC*1816300152431420*99*1~NM1*QC*1*KING*CITY****MI*WY24356M~NM1*74*1*KING*CITY*T~REF*EA*612799590~DTM*232*20180523~DTM*233*20180523~AMT*AU*51.9~SVC*HC:A0100*51.9*51.9**2~DTM*472*20180523~REF*G1*91131986129~AMT*B6*51.9~CLP*613556950*1*51.9*51.9**MC*1816300152431520*99*1~NM1*QC*1*MONTANEZ*PAULA****MI*ZW15437Y~NM1*74*1*MONTANEZ*PAULA*D~REF*EA*613556950~DTM*232*20180522~DTM*233*20180522~AMT*AU*51.9~SVC*HC:A0100*51.9*51.9**2~DTM*472*20180522~REF*G1*01131985860~AMT*B6*51.9~CLP*613810120*1*76.42*76.42**MC*1816300152431620*99*1~NM1*QC*1*DUNN*ERNESTINE****MI*ZT91936G~REF*EA*613810120~DTM*232*20180526~DTM*233*20180526~AMT*AU*76.42~SVC*HC:A0100:TN*70*70**2~DTM*472*20180526~REF*G1*01131985964~AMT*B6*70~SVC*HC:S0215*6.42*6.42**2~DTM*472*20180526~REF*G1*01131985964~AMT*B6*6.42~CLP*611929850*1*206.71*206.71**MC*1816300152431720*99*1~NM1*QC*1*THOMS*VINCENT****MI*YV89106K~NM1*74*1*THOMS*VINCENT*S~REF*EA*611929850~DTM*232*20180521~DTM*233*20180521~AMT*AU*206.71~SVC*HC:A0100:TN*70*70**2~DTM*472*20180521~REF*G1*81131985224~AMT*B6*70~SVC*HC:S0215*125.19*125.19**39~DTM*472*20180521~REF*G1*81131985224~AMT*B6*125.19~SVC*HC:A0170:CG*11.52*11.52**1~DTM*472*20180521~REF*G1*81131985224~AMT*B6*11.52~CLP*610502970*1*51.9*51.9**MC*1816300152431820*99*1~NM1*QC*1*YOUMANS*BRENDA****MI*ZH20819E~REF*EA*610502970~DTM*232*20180525~DTM*233*20180525~AMT*AU*51.9~SVC*HC:A0100*51.9*51.9**2~DTM*472*20180525~REF*G1*61131984971~AMT*B6*51.9~CLP*610418950*1*211.77*211.77**MC*1816300152431920*99*1~NM1*QC*1*MCDONALD*CLARA****MI*SF57501Q~NM1*74*1*MCDONALD*CLARA*A~REF*EA*610418950~DTM*232*20180522~DTM*233*20180522~AMT*AU*211.77~SVC*HC:A0100:TN*70*70**2~DTM*472*20180522~REF*G1*91131984941~AMT*B6*70~SVC*HC:S0215*80.25*80.25**25~DTM*472*20180522~REF*G1*91131984941~AMT*B6*80.25~SVC*HC:A0100:SC*50*50**2~DTM*472*20180522~REF*G1*91131984941~AMT*B6*50~SVC*HC:A0170:CG*11.52*11.52**1~DTM*472*20180522~REF*G1*91131984941~AMT*B6*11.52~CLP*609814920*1*129.63*129.63**MC*1816300152432020*99*1~NM1*QC*1*WATT*PING****MI*TE16353T~REF*EA*609814920~DTM*232*20180521~DTM*233*20180521~AMT*AU*129.63~SVC*HC:A0100:TN*70*70**2~DTM*472*20180521~REF*G1*81131984512~AMT*B6*70~SVC*HC:S0215*9.63*9.63**3~DTM*472*20180521~REF*G1*81131984512~AMT*B6*9.63~SVC*HC:A0100:SC*50*50**2~DTM*472*20180521~REF*G1*81131984512~AMT*B6*50~CLP*609592590*1*101.9*101.9**MC*1816300152432120*99*1~NM1*QC*1*YUNG*GLORIA****MI*UA10312F~REF*EA*609592590~DTM*232*20180523~DTM*233*20180523~AMT*AU*101.9~SVC*HC:A0100*51.9*51.9**2~DTM*472*20180523~REF*G1*51131984509~AMT*B6*51.9~SVC*HC:A0100:SC*50*50**2~DTM*472*20180523~REF*G1*51131984509~AMT*B6*50~CLP*611158590*1*51.9*51.9**MC*1816300152432220*99*1~NM1*QC*1*BELIAVSKY*VERA****MI*YA32283W~NM1*74*1*BELIAVSKY*VERA*A~REF*EA*611158590~DTM*232*20180522~DTM*233*20180522~AMT*AU*51.9~SVC*HC:A0100*51.9*51.9**2~DTM*472*20180522~REF*G1*51131985315~AMT*B6*51.9~CLP*613846650*1*82.84*82.84**MC*1816300152432320*99*1~NM1*QC*1*MAYES*KENNETH****MI*XN80853S~REF*EA*613846650~DTM*232*20180522~DTM*233*20180522~AMT*AU*82.84~SVC*HC:A0100:TN*70*70**2~DTM*472*20180522~REF*G1*51131985711~AMT*B6*70~SVC*HC:S0215*12.84*12.84**4~DTM*472*20180522~REF*G1*51131985711~AMT*B6*12.84~CLP*609592580*1*153.8*153.8**MC*1816300152432420*99*1~NM1*QC*1*YUNG*GLORIA****MI*UA10312F~REF*EA*609592580~DTM*232*20180521~DTM*233*20180521~AMT*AU*153.8~SVC*HC:A0100*103.8*103.8**4~DTM*472*20180521~REF*G1*41132046049~AMT*B6*103.8~SVC*HC:A0100:SC*50*50**2~DTM*472*20180521~REF*G1*41132046049~AMT*B6*50~CLP*609447950*1*70*70**MC*1816300152432520*99*1~NM1*QC*1*CHEN*ROY****MI*MJ42714V~REF*EA*609447950~DTM*232*20180522~DTM*233*20180522~AMT*AU*70~SVC*HC:A0100:TN*70*70**2~DTM*472*20180522~REF*G1*91131984507~AMT*B6*70~CLP*611176800*1*76.42*76.42**MC*1816300152432620*99*1~NM1*QC*1*YACOOB*AZAAD****MI*YP39454H~REF*EA*611176800~DTM*232*20180526~DTM*233*20180526~AMT*AU*76.42~SVC*HC:A0100:TN*70*70**2~DTM*472*20180526~REF*G1*41131985184~AMT*B6*70~SVC*HC:S0215*6.42*6.42**2~DTM*472*20180526~REF*G1*41131985184~AMT*B6*6.42~CLP*611218770*1*121.9*121.9**MC*1816300152432720*99*1~NM1*QC*1*WANG*MEIDI****MI*QY22261W~REF*EA*611218770~DTM*232*20180525~DTM*233*20180525~AMT*AU*121.9~SVC*HC:A0100*51.9*51.9**2~DTM*472*20180525~REF*G1*61131985621~AMT*B6*51.9~SVC*HC:A0100:TN*70*70**2~DTM*472*20180525~REF*G1*61131985621~AMT*B6*70~CLP*611596320*1*51.9*51.9**MC*1816300152432820*99*1~NM1*QC*1*DUNN*CATHY****MI*YA74328D~REF*EA*611596320~DTM*232*20180524~DTM*233*20180524~AMT*AU*51.9~SVC*HC:A0100*51.9*51.9**2~DTM*472*20180524~REF*G1*21131985425~AMT*B6*51.9~CLP*611218750*1*70*70**MC*1816300152432920*99*1~NM1*QC*1*WANG*MEIDI****MI*QY22261W~REF*EA*611218750~DTM*232*20180521~DTM*233*20180521~AMT*AU*70~SVC*HC:A0100:TN*70*70**2~DTM*472*20180521~REF*G1*11131985596~AMT*B6*70~CLP*611762580*1*82.84*82.84**MC*1816300152433020*99*1~NM1*QC*1*SIMPSON*MARILYN****MI*YS09739A~REF*EA*611762580~DTM*232*20180524~DTM*233*20180524~AMT*AU*82.84~SVC*HC:A0100:TN*70*70**2~DTM*472*20180524~REF*G1*71131985630~AMT*B6*70~SVC*HC:S0215*12.84*12.84**4~DTM*472*20180524~REF*G1*71131985630~AMT*B6*12.84~CLP*611176810*1*76.42*76.42**MC*1816300152433120*99*1~NM1*QC*1*YACOOB*AZAAD****MI*YP39454H~REF*EA*611176810~DTM*232*20180527~DTM*233*20180527~AMT*AU*76.42~SVC*HC:A0100:TN*70*70**2~DTM*472*20180527~REF*G1*71131985210~AMT*B6*70~SVC*HC:S0215*6.42*6.42**2~DTM*472*20180527~REF*G1*71131985210~AMT*B6*6.42~CLP*526942110*1*51.9*51.9**MC*1816300152433220*99*1~NM1*QC*1*YEUNG*SHOULIANG****MI*KJ81008U~REF*EA*526942110~DTM*232*20180529~DTM*233*20180529~AMT*AU*51.9~SVC*HC:A0100*51.9*51.9**2~DTM*472*20180529~REF*G1*81132271296~AMT*B6*51.9~CLP*617883970*1*51.9*51.9**MC*1816300152433420*99*1~NM1*QC*1*GADSON*WALTER****MI*XG83165Q~REF*EA*617883970~DTM*232*20180531~DTM*233*20180531~AMT*AU*51.9~SVC*HC:A0100*51.9*51.9**2~DTM*472*20180531~REF*G1*31132273221~AMT*B6*51.9~CLP*617871040*1*51.9*51.9**MC*1816300152433520*99*1~NM1*QC*1*RASTOGI*INGRID****MI*QY13671Z~REF*EA*617871040~DTM*232*20180528~DTM*233*20180528~AMT*AU*51.9~SVC*HC:A0100*51.9*51.9**2~DTM*472*20180528~REF*G1*01132273096~AMT*B6*51.9~CLP*617787120*1*106*36**MC*1816300152433620*99*1~NM1*QC*1*DUTTA  GUPTA*DEBJANI****MI*NT50720D~REF*EA*617787120~DTM*232*20180530~DTM*233*20180530~AMT*AU*36~SVC*HC:A0100:TN*70*0**0~DTM*472*20180530~CAS*CO*198*70~REF*G1*61132273371~LQ*HE*N758~SVC*HC:S0215:TN*36*36**16~DTM*472*20180530~REF*G1*61132273371~AMT*B6*36~CLP*617748320*1*145.72*145.72**MC*1816300152433720*99*1~NM1*QC*1*GOLIE*MALAYNA****MI*ZQ69066W~NM1*74*1*GOLIE*MALAYNA*F~REF*EA*617748320~DTM*232*20180531~DTM*233*20180531~AMT*AU*145.72~SVC*HC:A0100:TN*70*70**2~DTM*472*20180531~REF*G1*11132273321~AMT*B6*70~SVC*HC:S0215*64.2*64.2**20~DTM*472*20180531~REF*G1*11132273321~AMT*B6*64.2~SVC*HC:A0170:CG*11.52*11.52**1~DTM*472*20180531~REF*G1*11132273321~AMT*B6*11.52~CLP*617906630*1*51.9*51.9**MC*1816300152433820*99*1~NM1*QC*1*YUNG*CAESAR****MI*UU29016Z~REF*EA*617906630~DTM*232*20180530~DTM*233*20180530~AMT*AU*51.9~SVC*HC:A0100*51.9*51.9**2~DTM*472*20180530~REF*G1*41132273297~AMT*B6*51.9~CLP*617747620*1*145.72*145.72**MC*1816300152433920*99*1~NM1*QC*1*GOLIE*MALAYNA****MI*ZQ69066W~NM1*74*1*GOLIE*MALAYNA*F~REF*EA*617747620~DTM*232*20180529~DTM*233*20180529~AMT*AU*145.72~SVC*HC:A0100:TN*70*70**2~DTM*472*20180529~REF*G1*61132273296~AMT*B6*70~SVC*HC:S0215*64.2*64.2**20~DTM*472*20180529~REF*G1*61132273296~AMT*B6*64.2~SVC*HC:A0170:CG*11.52*11.52**1~DTM*472*20180529~REF*G1*61132273296~AMT*B6*11.52~CLP*617744470*1*152.14*152.14**MC*1816300152434020*99*1~NM1*QC*1*GOLIE*MALAYNA****MI*ZQ69066W~NM1*74*1*GOLIE*MALAYNA*F~REF*EA*617744470~DTM*232*20180601~DTM*233*20180601~AMT*AU*152.14~SVC*HC:A0100:TN*70*70**2~DTM*472*20180601~REF*G1*81132273271~AMT*B6*70~SVC*HC:S0215*70.62*70.62**22~DTM*472*20180601~REF*G1*81132273271~AMT*B6*70.62~SVC*HC:A0170:CG*11.52*11.52**1~DTM*472*20180601~REF*G1*81132273271~AMT*B6*11.52~CLP*617908690*1*117.25*117.25**MC*1816300152434420*99*1~NM1*QC*1*BABAYOFF*IRIS****MI*UX68405R~REF*EA*617908690~DTM*232*20180530~DTM*233*20180530~AMT*AU*117.25~SVC*HC:A0100:TN*70*70**2~DTM*472*20180530~REF*G1*91132273322~AMT*B6*70~SVC*HC:S0215:TN*47.25*47.25**21~DTM*472*20180530~REF*G1*91132273322~AMT*B6*47.25~CLP*618039630*1*51.9*51.9**MC*1816300152434520*99*1~NM1*QC*1*CHIU*FUNGSIN****MI*NA77401H~REF*EA*618039630~DTM*232*20180601~DTM*233*20180601~AMT*AU*51.9~SVC*HC:A0100*51.9*51.9**2~DTM*472*20180601~REF*G1*11132273123~AMT*B6*51.9~CLP*618039490*1*51.9*51.9**MC*1816300152434620*99*1~NM1*QC*1*CHIU*FUNGSIN****MI*NA77401H~REF*EA*618039490~DTM*232*20180531~DTM*233*20180531~AMT*AU*51.9~SVC*HC:A0100*51.9*51.9**2~DTM*472*20180531~REF*G1*61132273098~AMT*B6*51.9~CLP*618039370*1*51.9*51.9**MC*1816300152434720*99*1~NM1*QC*1*CHIU*FUNGSIN****MI*NA77401H~REF*EA*618039370~DTM*232*20180530~DTM*233*20180530~AMT*AU*51.9~SVC*HC:A0100*51.9*51.9**2~DTM*472*20180530~REF*G1*81132273073~AMT*B6*51.9~CLP*618038960*1*51.9*51.9**MC*1816300152434820*99*1~NM1*QC*1*CHIU*FUNGSIN****MI*NA77401H~REF*EA*618038960~DTM*232*20180528~DTM*233*20180528~AMT*AU*51.9~SVC*HC:A0100*51.9*51.9**2~DTM*472*20180528~REF*G1*11132273548~AMT*B6*51.9~CLP*618038470*1*135.25*135.25**MC*1816300152434920*99*1~NM1*QC*1*WILLIAMS*MAURICE****MI*XA51473V~NM1*74*1*WILLIAMS*MAURICE*B~REF*EA*618038470~DTM*232*20180601~DTM*233*20180601~AMT*AU*135.25~SVC*HC:A0100:TN*70*70**2~DTM*472*20180601~REF*G1*81132273498~AMT*B6*70~SVC*HC:S0215:TN*65.25*65.25**29~DTM*472*20180601~REF*G1*81132273498~AMT*B6*65.25~CLP*618038220*1*126.25*126.25**MC*1816300152435020*99*1~NM1*QC*1*WILLIAMS*MAURICE****MI*XA51473V~NM1*74*1*WILLIAMS*MAURICE*B~REF*EA*618038220~DTM*232*20180531~DTM*233*20180531~AMT*AU*126.25~SVC*HC:A0100:TN*70*70**2~DTM*472*20180531~REF*G1*01132273473~AMT*B6*70~SVC*HC:S0215:TN*56.25*56.25**25~DTM*472*20180531~REF*G1*01132273473~AMT*B6*56.25~CLP*617980350*1*129.63*129.63**MC*1816300152435120*99*1~NM1*QC*1*ZHENG*WILLIAM****MI*YT98743U~REF*EA*617980350~DTM*232*20180530~DTM*233*20180530~AMT*AU*129.63~SVC*HC:A0100:TN*70*70**2~DTM*472*20180530~REF*G1*91132273247~AMT*B6*70~SVC*HC:S0215*9.63*9.63**3~DTM*472*20180530~REF*G1*91132273247~AMT*B6*9.63~SVC*HC:A0100:SC*50*50**2~DTM*472*20180530~REF*G1*91132273247~AMT*B6*50~CLP*617938610*1*95.95*95.95**MC*1816300152435220*99*1~NM1*QC*1*HULASIE*JEENARINE****MI*NS25067U~REF*EA*617938610~DTM*232*20180531~DTM*233*20180531~AMT*AU*95.95~SVC*HC:A0100*25.95*25.95**1~DTM*472*20180531~REF*G1*51132273522~AMT*B6*25.95~SVC*HC:A0100:TN*70*70**2~DTM*472*20180531~REF*G1*51132273522~AMT*B6*70~CLP*617933780*1*95.95*95.95**MC*1816300152435320*99*1~NM1*QC*1*HULASIE*JEENARINE****MI*NS25067U~REF*EA*617933780~DTM*232*20180529~DTM*233*20180529~AMT*AU*95.95~SVC*HC:A0100*25.95*25.95**1~DTM*472*20180529~REF*G1*51132273447~AMT*B6*25.95~SVC*HC:A0100:TN*70*70**2~DTM*472*20180529~REF*G1*51132273447~AMT*B6*70~CLP*617919380*1*126.25*126.25**MC*1816300152435420*99*1~NM1*QC*1*JACINTO*ANDERSON****MI*NG70756D~NM1*74*1*JACINTO*ANDERSON*J~REF*EA*617919380~DTM*232*20180529~DTM*233*20180529~AMT*AU*126.25~SVC*HC:A0100:TN*70*70**2~DTM*472*20180529~REF*G1*41132273372~AMT*B6*70~SVC*HC:S0215:TN*56.25*56.25**25~DTM*472*20180529~REF*G1*41132273372~AMT*B6*56.25~CLP*617696190*1*102.1*102.1**MC*1816300152435520*99*1~NM1*QC*1*TURNER*ROBERT****MI*XB09081V~REF*EA*617696190~DTM*232*20180530~DTM*233*20180530~AMT*AU*102.1~SVC*HC:A0100:TN*70*70**2~DTM*472*20180530~REF*G1*91132273445~AMT*B6*70~SVC*HC:S0215*32.1*32.1**10~DTM*472*20180530~REF*G1*91132273445~AMT*B6*32.1~CLP*616969670*1*108.52*108.52**MC*1816300152435620*99*1~NM1*QC*1*SHAH*ANNA****MI*QT36429X~REF*EA*616969670~DTM*232*20180601~DTM*233*20180601~AMT*AU*108.52~SVC*HC:A0100:TN*70*70**2~DTM*472*20180601~REF*G1*01132273416~AMT*B6*70~SVC*HC:S0215*38.52*38.52**12~DTM*472*20180601~REF*G1*01132273416~AMT*B6*38.52~CLP*616969450*1*108.52*108.52**MC*1816300152435720*99*1~NM1*QC*1*SHAH*ANNA****MI*QT36429X~REF*EA*616969450~DTM*232*20180529~DTM*233*20180529~AMT*AU*108.52~SVC*HC:A0100:TN*70*70**2~DTM*472*20180529~REF*G1*41132273391~AMT*B6*70~SVC*HC:S0215*38.52*38.52**12~DTM*472*20180529~REF*G1*41132273391~AMT*B6*38.52~CLP*616969320*1*108.52*108.52**MC*1816300152435820*99*1~NM1*QC*1*SHAH*ANNA****MI*QT36429X~REF*EA*616969320~DTM*232*20180531~DTM*233*20180531~AMT*AU*108.52~SVC*HC:A0100:TN*70*70**2~DTM*472*20180531~REF*G1*71132273366~AMT*B6*70~SVC*HC:S0215*38.52*38.52**12~DTM*472*20180531~REF*G1*71132273366~AMT*B6*38.52~CLP*616968980*1*108.52*108.52**MC*1816300152435920*99*1~NM1*QC*1*SHAH*ANNA****MI*QT36429X~REF*EA*616968980~DTM*232*20180530~DTM*233*20180530~AMT*AU*108.52~SVC*HC:A0100:TN*70*70**2~DTM*472*20180530~REF*G1*91132273341~AMT*B6*70~SVC*HC:S0215*38.52*38.52**12~DTM*472*20180530~REF*G1*91132273341~AMT*B6*38.52~CLP*616968880*1*108.52*108.52**MC*1816300152436020*99*1~NM1*QC*1*SHAH*ANNA****MI*QT36429X~REF*EA*616968880~DTM*232*20180528~DTM*233*20180528~AMT*AU*108.52~SVC*HC:A0100:TN*70*70**2~DTM*472*20180528~REF*G1*21132273316~AMT*B6*70~SVC*HC:S0215*38.52*38.52**12~DTM*472*20180528~REF*G1*21132273316~AMT*B6*38.52~CLP*616966440*1*155.75*155.75**MC*1816300152436120*99*1~NM1*QC*1*BUTT*ANTHONY****MI*PX18797R~REF*EA*616966440~DTM*232*20180530~DTM*233*20180530~AMT*AU*155.75~SVC*HC:A0100:TN*140*140**4~DTM*472*20180530~REF*G1*61132273291~AMT*B6*140~SVC*HC:S0215:TN*15.75*15.75**7~DTM*472*20180530~REF*G1*61132273291~AMT*B6*15.75~CLP*616952520*1*25.95*25.95**MC*1816300152436220*99*1~NM1*QC*1*BELIAVSKY*VERA****MI*YA32283W~NM1*74*1*BELIAVSKY*VERA*A~REF*EA*616952520~DTM*232*20180529~DTM*233*20180529~AMT*AU*25.95~SVC*HC:A0100*25.95*25.95**1~DTM*472*20180529~REF*G1*91132273266~AMT*B6*25.95~CLP*616896460*1*155.31*155.31**MC*1816300152436320*99*1~NM1*QC*1*MARTINEZGONZALEZ*ANTONIA****MI*NX90923N~NM1*74*1*MARTINEZGONZALEZ*ANTONIA*F~REF*EA*616896460~DTM*232*20180528~DTM*233*20180528~AMT*AU*155.31~SVC*HC:A0100:TN*70*70**2~DTM*472*20180528~REF*G1*01132273190~AMT*B6*70~SVC*HC:S0215*35.31*35.31**11~DTM*472*20180528~REF*G1*01132273190~AMT*B6*35.31~SVC*HC:A0100:SC*50*50**2~DTM*472*20180528~REF*G1*01132273190~AMT*B6*50~CLP*620079320*1*117.25*117.25**MC*1816300152436420*99*1~NM1*QC*1*ISSAK*ISSAK****MI*QF62862R~REF*EA*620079320~DTM*232*20180602~DTM*233*20180602~AMT*AU*117.25~SVC*HC:A0100:TN*70*70**2~DTM*472*20180602~REF*G1*31132273641~AMT*B6*70~SVC*HC:S0215:TN*47.25*47.25**21~DTM*472*20180602~REF*G1*31132273641~AMT*B6*47.25~CLP*616874530*1*25.95*25.95**MC*1816300152436520*99*1~NM1*QC*1*NELSON*EILEEN****MI*YB68574U~REF*EA*616874530~DTM*232*20180531~DTM*233*20180531~AMT*AU*25.95~SVC*HC:A0100*25.95*25.95**1~DTM*472*20180531~REF*G1*51132273140~AMT*B6*25.95~CLP*616856730*1*51.9*51.9**MC*1816300152436620*99*1~NM1*QC*1*BURTON*LESLIE****MI*ZB53121Q~REF*EA*616856730~DTM*232*20180531~DTM*233*20180531~AMT*AU*51.9~SVC*HC:A0100*51.9*51.9**2~DTM*472*20180531~REF*G1*21132273090~AMT*B6*51.9~CLP*617150940*1*70*70**MC*1816300152436720*99*1~NM1*QC*1*MIRANDAROMERO*RICHARD****MI*UT37742D~NM1*74*1*MIRANDAROMERO*RICHARD*P~REF*EA*617150940~DTM*232*20180529~DTM*233*20180529~AMT*AU*70~SVC*HC:A0100:TN*70*70**2~DTM*472*20180529~REF*G1*71132273267~AMT*B6*70~CLP*617252320*1*141.15*141.15**MC*1816300152436820*99*1~NM1*QC*1*NG*YIMHA****MI*SY11089M~REF*EA*617252320~DTM*232*20180529~DTM*233*20180529~AMT*AU*141.15~SVC*HC:A0100:TN*70*70**2~DTM*472*20180529~REF*G1*51132273442~AMT*B6*70~SVC*HC:S0215*9.63*9.63**3~DTM*472*20180529~REF*G1*51132273442~AMT*B6*9.63~SVC*HC:A0100:SC*50*50**2~DTM*472*20180529~REF*G1*51132273442~AMT*B6*50~SVC*HC:A0170:CG*11.52*11.52**1~DTM*472*20180529~REF*G1*51132273442~AMT*B6*11.52~CLP*617696140*1*102.1*102.1**MC*1816300152436920*99*1~NM1*QC*1*TURNER*ROBERT****MI*XB09081V~REF*EA*617696140~DTM*232*20180528~DTM*233*20180528~AMT*AU*102.1~SVC*HC:A0100:TN*70*70**2~DTM*472*20180528~REF*G1*11132273420~AMT*B6*70~SVC*HC:S0215*32.1*32.1**10~DTM*472*20180528~REF*G1*11132273420~AMT*B6*32.1~CLP*617641780*1*51.9*51.9**MC*1816300152437020*99*1~NM1*QC*1*BINNS*OLGA****MI*RU91142Z~NM1*74*1*BINNS*OLGA*D~REF*EA*617641780~DTM*232*20180530~DTM*233*20180530~AMT*AU*51.9~SVC*HC:A0100*51.9*51.9**2~DTM*472*20180530~REF*G1*01132273270~AMT*B6*51.9~CLP*617598620*1*51.9*51.9**MC*1816300152437120*99*1~NM1*QC*1*LIN*YUEHUA****MI*NQ17928V~REF*EA*617598620~DTM*232*20180529~DTM*233*20180529~AMT*AU*51.9~SVC*HC:A0100*51.9*51.9**2~DTM*472*20180529~REF*G1*91132273544~AMT*B6*51.9~CLP*617386270*1*155.31*155.31**MC*1816300152437220*99*1~NM1*QC*1*MARTINEZGONZALEZ*ANTONIA****MI*NX90923N~NM1*74*1*MARTINEZGONZALEZ*ANTONIA*F~REF*EA*617386270~DTM*232*20180601~DTM*233*20180601~AMT*AU*155.31~SVC*HC:A0100:TN*70*70**2~DTM*472*20180601~REF*G1*61132273418~AMT*B6*70~SVC*HC:S0215*35.31*35.31**11~DTM*472*20180601~REF*G1*61132273418~AMT*B6*35.31~SVC*HC:A0100:SC*50*50**2~DTM*472*20180601~REF*G1*61132273418~AMT*B6*50~CLP*617384380*1*51.9*51.9**MC*1816300152437320*99*1~NM1*QC*1*MARTINEZGONZALEZ*ANTONIA****MI*NX90923N~NM1*74*1*MARTINEZGONZALEZ*ANTONIA*F~REF*EA*617384380~DTM*232*20180529~DTM*233*20180529~AMT*AU*51.9~SVC*HC:A0100*51.9*51.9**2~DTM*472*20180529~REF*G1*01132273393~AMT*B6*51.9~CLP*617359480*1*142.47*0**MC*1816300152437420*99*1~NM1*QC*1*SEEPARSAD*LOCHAN****MI*KD52413A~REF*EA*617359480~DTM*232*20180603~DTM*233*20180603~SVC*HC:A0100:TN*70*0**0~DTM*472*20180603~CAS*CO*16*70~REF*G1*51132273268~LQ*HE*MA39~SVC*HC:S0215*22.47*0**0~DTM*472*20180603~CAS*CO*16*22.47~REF*G1*51132273268~LQ*HE*MA39~SVC*HC:A0100:SC*50*0**0~DTM*472*20180603~CAS*CO*16*50~REF*G1*51132273268~LQ*HE*MA39~CLP*617356440*1*139.96*0**MC*1816300152437520*99*1~NM1*QC*1*SEEPARSAD*LOCHAN****MI*KD52413A~REF*EA*617356440~DTM*232*20180601~DTM*233*20180601~SVC*HC:A0100:TN*70*0**0~DTM*472*20180601~CAS*CO*16*70~REF*G1*91132273242~LQ*HE*MA39~SVC*HC:S0215*64.2*0**0~DTM*472*20180601~CAS*CO*16*64.2~REF*G1*91132273242~LQ*HE*MA39~SVC*HC:A0170:CG*5.76*0**0~DTM*472*20180601~CAS*CO*16*5.76~REF*G1*91132273242~LQ*HE*MA39~CLP*617356430*1*134.2*0**MC*1816300152437620*99*1~NM1*QC*1*SEEPARSAD*LOCHAN****MI*KD52413A~REF*EA*617356430~DTM*232*20180530~DTM*233*20180530~SVC*HC:A0100:TN*70*0**0~DTM*472*20180530~CAS*CO*16*70~REF*G1*21132273217~LQ*HE*MA39~SVC*HC:S0215*64.2*0**0~DTM*472*20180530~CAS*CO*16*64.2~REF*G1*21132273217~LQ*HE*MA39~CLP*617349490*1*134.2*0**MC*1816300152437720*99*1~NM1*QC*1*SEEPARSAD*LOCHAN****MI*KD52413A~REF*EA*617349490~DTM*232*20180528~DTM*233*20180528~SVC*HC:A0100:TN*70*0**0~DTM*472*20180528~CAS*CO*16*70~REF*G1*91132273167~LQ*HE*MA39~SVC*HC:S0215*64.2*0**0~DTM*472*20180528~CAS*CO*16*64.2~REF*G1*91132273167~LQ*HE*MA39~CLP*617256510*1*203.46*203.46**MC*1816300152437820*99*1~NM1*QC*1*NG*YIMHA****MI*SY11089M~REF*EA*617256510~DTM*232*20180531~DTM*233*20180531~AMT*AU*203.46~SVC*HC:A0100:TN*70*70**2~DTM*472*20180531~REF*G1*31132273467~AMT*B6*70~SVC*HC:S0215*83.46*83.46**26~DTM*472*20180531~REF*G1*31132273467~AMT*B6*83.46~SVC*HC:A0100:SC*50*50**2~DTM*472*20180531~REF*G1*31132273467~AMT*B6*50~CLP*616856010*1*51.9*51.9**MC*1816300152437920*99*1~NM1*QC*1*BURTON*LESLIE****MI*ZB53121Q~REF*EA*616856010~DTM*232*20180530~DTM*233*20180530~AMT*AU*51.9~SVC*HC:A0100*51.9*51.9**2~DTM*472*20180530~REF*G1*01132273039~AMT*B6*51.9~CLP*618039790*1*51.9*51.9**MC*1816300152438020*99*1~NM1*QC*1*CHIU*FUNGSIN****MI*NA77401H~REF*EA*618039790~DTM*232*20180529~DTM*233*20180529~AMT*AU*51.9~SVC*HC:A0100*51.9*51.9**2~DTM*472*20180529~REF*G1*91132273148~AMT*B6*51.9~CLP*618054280*1*35*35**MC*1816300152438120*99*1~NM1*QC*1*CASTRO*MALKE****MI*TD72904R~NM1*74*1*CASTRO*MALKE*J~REF*EA*618054280~DTM*232*20180530~DTM*233*20180530~AMT*AU*35~SVC*HC:A0100:TN*35*35**1~DTM*472*20180530~REF*G1*91132273223~AMT*B6*35~CLP*619099500*1*51.9*51.9**MC*1816300152438220*99*1~NM1*QC*1*NARINE*ANITA****MI*NC09839N~REF*EA*619099500~DTM*232*20180601~DTM*233*20180601~AMT*AU*51.9~SVC*HC:A0100*51.9*51.9**2~DTM*472*20180601~REF*G1*11132273307~AMT*B6*51.9~CLP*619043260*1*51.9*51.9**MC*1816300152438320*99*1~NM1*QC*1*KELLER*SHEILA****MI*ZE34714D~REF*EA*619043260~DTM*232*20180601~DTM*233*20180601~AMT*AU*51.9~SVC*HC:A0100*51.9*51.9**2~DTM*472*20180601~REF*G1*41132273131~AMT*B6*51.9~CLP*618946430*1*158.52*158.52**MC*1816300152438420*99*1~NM1*QC*1*SHAH*ANNA****MI*QT36429X~REF*EA*618946430~DTM*232*20180602~DTM*233*20180602~AMT*AU*158.52~SVC*HC:A0100:TN*70*70**2~DTM*472*20180602~REF*G1*11132273180~AMT*B6*70~SVC*HC:S0215*38.52*38.52**12~DTM*472*20180602~REF*G1*11132273180~AMT*B6*38.52~SVC*HC:A0100:SC*50*50**2~DTM*472*20180602~REF*G1*11132273180~AMT*B6*50~CLP*618916660*1*269.38*269.38**MC*1816300152438520*99*1~NM1*QC*1*CAFFEY*SHARON****MI*XQ37608H~REF*EA*618916660~DTM*232*20180601~DTM*233*20180601~AMT*AU*269.38~SVC*HC:A0100:TN*140*140**4~DTM*472*20180601~REF*G1*41132273155~AMT*B6*140~SVC*HC:S0215*9.63*9.63**3~DTM*472*20180601~REF*G1*41132273155~AMT*B6*9.63~SVC*HC:S0215:TN*69.75*69.75**31~DTM*472*20180601~REF*G1*41132273155~AMT*B6*69.75~SVC*HC:A0100:SC*50*50**2~DTM*472*20180601~REF*G1*41132273155~AMT*B6*50~CLP*618874210*1*141.15*141.15**MC*1816300152438620*99*1~NM1*QC*1*SPENCER*ANITA****MI*RC76691N~NM1*74*1*SPENCER*ANITA*M~REF*EA*618874210~DTM*232*20180531~DTM*233*20180531~AMT*AU*141.15~SVC*HC:A0100:TN*70*70**2~DTM*472*20180531~REF*G1*11132273505~AMT*B6*70~SVC*HC:S0215*9.63*9.63**3~DTM*472*20180531~REF*G1*11132273505~AMT*B6*9.63~SVC*HC:A0100:SC*50*50**2~DTM*472*20180531~REF*G1*11132273505~AMT*B6*50~SVC*HC:A0170:CG*11.52*11.52**1~DTM*472*20180531~REF*G1*11132273505~AMT*B6*11.52~CLP*618755140*1*51.9*51.9**MC*1816300152438720*99*1~NM1*QC*1*RASTOGI*INGRID****MI*QY13671Z~REF*EA*618755140~DTM*232*20180601~DTM*233*20180601~AMT*AU*51.9~SVC*HC:A0100*51.9*51.9**2~DTM*472*20180601~REF*G1*91132273129~AMT*B6*51.9~CLP*618728970*1*51.9*51.9**MC*1816300152438820*99*1~NM1*QC*1*JOSEPH*JEROME****MI*KS62868P~REF*EA*618728970~DTM*232*20180531~DTM*233*20180531~AMT*AU*51.9~SVC*HC:A0100*51.9*51.9**2~DTM*472*20180531~REF*G1*11132273529~AMT*B6*51.9~CLP*618722350*1*51.9*51.9**MC*1816300152438920*99*1~NM1*QC*1*TAN*KE****MI*ST57575K~NM1*74*1*TAN*KE*Y~REF*EA*618722350~DTM*232*20180602~DTM*233*20180602~AMT*AU*51.9~SVC*HC:A0100*51.9*51.9**2~DTM*472*20180602~REF*G1*81132273479~AMT*B6*51.9~CLP*618716990*1*51.9*51.9**MC*1816300152439020*99*1~NM1*QC*1*TAN*KE****MI*ST57575K~NM1*74*1*TAN*KE*Y~REF*EA*618716990~DTM*232*20180601~DTM*233*20180601~AMT*AU*51.9~SVC*HC:A0100*51.9*51.9**2~DTM*472*20180601~REF*G1*01132273454~AMT*B6*51.9~CLP*618706940*1*51.9*51.9**MC*1816300152439120*99*1~NM1*QC*1*DYCE*STARAISHA****MI*WW14828A~NM1*74*1*DYCE*STARAISHA*M~REF*EA*618706940~DTM*232*20180530~DTM*233*20180530~AMT*AU*51.9~SVC*HC:A0100*51.9*51.9**2~DTM*472*20180530~REF*G1*01132273379~AMT*B6*51.9~CLP*619309930*1*126.42*126.42**MC*1816300152439220*99*1~NM1*QC*1*FORD*YANIQUE****MI*SG65867E~REF*EA*619309930~DTM*232*20180601~DTM*233*20180601~AMT*AU*126.42~SVC*HC:A0100:TN*70*70**2~DTM*472*20180601~REF*G1*81132273233~AMT*B6*70~SVC*HC:S0215*6.42*6.42**2~DTM*472*20180601~REF*G1*81132273233~AMT*B6*6.42~SVC*HC:A0100:SC*50*50**2~DTM*472*20180601~REF*G1*81132273233~AMT*B6*50~CLP*619312270*1*197.04*197.04**MC*1816300152439320*99*1~NM1*QC*1*HAWKINSLINGO*MAYLENE****MI*PT03668K~NM1*74*1*HAWKINSLINGO*MAYLENE*A~REF*EA*619312270~DTM*232*20180601~DTM*233*20180601~AMT*AU*197.04~SVC*HC:A0100:TN*70*70**2~DTM*472*20180601~REF*G1*11132273284~AMT*B6*70~SVC*HC:S0215*77.04*77.04**24~DTM*472*20180601~REF*G1*11132273284~AMT*B6*77.04~SVC*HC:A0100:SC*50*50**2~DTM*472*20180601~REF*G1*11132273284~AMT*B6*50~CLP*620044050*1*135.25*135.25**MC*1816300152439420*99*1~NM1*QC*1*JIANG*QIN****MI*UM79948S~REF*EA*620044050~DTM*232*20180601~DTM*233*20180601~AMT*AU*135.25~SVC*HC:A0100:TN*70*70**2~DTM*472*20180601~REF*G1*01132273591~AMT*B6*70~SVC*HC:S0215:TN*65.25*65.25**29~DTM*472*20180601~REF*G1*01132273591~AMT*B6*65.25~CLP*619754940*1*148.89*148.89**MC*1816300152439520*99*1~NM1*QC*1*BROTSZTEIN*GITTY****MI*UV46980S~REF*EA*619754940~DTM*232*20180531~DTM*233*20180531~AMT*AU*148.89~SVC*HC:A0100:TN*70*70**2~DTM*472*20180531~REF*G1*11132273463~AMT*B6*70~SVC*HC:S0215*28.89*28.89**9~DTM*472*20180531~REF*G1*11132273463~AMT*B6*28.89~SVC*HC:A0100:SC*50*50**2~DTM*472*20180531~REF*G1*11132273463~AMT*B6*50~CLP*619540500*1*177.78*177.78**MC*1816300152439720*99*1~NM1*QC*1*TURNER*ROBERT****MI*XB09081V~REF*EA*619540500~DTM*232*20180602~DTM*233*20180602~AMT*AU*177.78~SVC*HC:A0100:TN*70*70**2~DTM*472*20180602~REF*G1*81132273436~AMT*B6*70~SVC*HC:S0215*57.78*57.78**18~DTM*472*20180602~REF*G1*81132273436~AMT*B6*57.78~SVC*HC:A0100:SC*50*50**2~DTM*472*20180602~REF*G1*81132273436~AMT*B6*50~CLP*619540150*1*292.72*292.72**MC*1816300152439820*99*1~NM1*QC*1*TURNER*ROBERT****MI*XB09081V~REF*EA*619540150~DTM*232*20180601~DTM*233*20180601~AMT*AU*292.72~SVC*HC:A0100:TN*140*140**4~DTM*472*20180601~REF*G1*01132273411~AMT*B6*140~SVC*HC:S0215*102.72*102.72**32~DTM*472*20180601~REF*G1*01132273411~AMT*B6*102.72~SVC*HC:A0100:SC*50*50**2~DTM*472*20180601~REF*G1*01132273411~AMT*B6*50~CLP*619531680*1*146.38*0**MC*1816300152439920*99*1~NM1*QC*1*SEEPARSAD*LOCHAN****MI*KD52413A~REF*EA*619531680~DTM*232*20180531~DTM*233*20180531~SVC*HC:A0100:TN*70*0**0~DTM*472*20180531~CAS*CO*16*70~REF*G1*71132273361~LQ*HE*MA39~SVC*HC:S0215*70.62*0**0~DTM*472*20180531~CAS*CO*16*70.62~REF*G1*71132273361~LQ*HE*MA39~SVC*HC:A0170:CG*5.76*0**0~DTM*472*20180531~CAS*CO*16*5.76~REF*G1*71132273361~LQ*HE*MA39~CLP*619505880*1*161.73*161.73**MC*1816300152440020*99*1~NM1*QC*1*HAWKINSLINGO*MAYLENE****MI*PT03668K~NM1*74*1*HAWKINSLINGO*MAYLENE*A~REF*EA*619505880~DTM*232*20180602~DTM*233*20180602~AMT*AU*161.73~SVC*HC:A0100:TN*70*70**2~DTM*472*20180602~REF*G1*61132273210~AMT*B6*70~SVC*HC:S0215*41.73*41.73**13~DTM*472*20180602~REF*G1*61132273210~AMT*B6*41.73~SVC*HC:A0100:SC*50*50**2~DTM*472*20180602~REF*G1*61132273210~AMT*B6*50~CLP*619477270*1*51.9*51.9**MC*1816300152440120*99*1~NM1*QC*1*DURHAM*CYNTHIA****MI*ZB21969Z~REF*EA*619477270~DTM*232*20180531~DTM*233*20180531~AMT*AU*51.9~SVC*HC:A0100*51.9*51.9**2~DTM*472*20180531~REF*G1*51132273560~AMT*B6*51.9~CLP*618699800*1*51.9*51.9**MC*1816300152440220*99*1~NM1*QC*1*KEITT*JOHN****MI*ZH11392W~REF*EA*618699800~DTM*232*20180601~DTM*233*20180601~AMT*AU*51.9~SVC*HC:A0100*51.9*51.9**2~DTM*472*20180601~REF*G1*41132273254~AMT*B6*51.9~CLP*618608320*1*25.95*25.95**MC*1816300152440320*99*1~NM1*QC*1*WAN*AMBROSE****MI*XN08971T~NM1*74*1*WAN*AMBROSE*V~REF*EA*618608320~DTM*232*20180602~DTM*233*20180602~AMT*AU*25.95~SVC*HC:A0100*25.95*25.95**1~DTM*472*20180602~REF*G1*21132273453~AMT*B6*25.95~CLP*618179400*1*82.84*82.84**MC*1816300152440420*99*1~NM1*QC*1*MAYES*KENNETH****MI*XN80853S~REF*EA*618179400~DTM*232*20180601~DTM*233*20180601~AMT*AU*82.84~SVC*HC:A0100:TN*70*70**2~DTM*472*20180601~REF*G1*21132273199~AMT*B6*70~SVC*HC:S0215*12.84*12.84**4~DTM*472*20180601~REF*G1*21132273199~AMT*B6*12.84~CLP*618175100*1*70*70**MC*1816300152440520*99*1~NM1*QC*1*MELVIN*ANGELA****MI*XQ93651N~REF*EA*618175100~DTM*232*20180601~DTM*233*20180601~AMT*AU*70~SVC*HC:A0100:TN*70*70**2~DTM*472*20180601~REF*G1*41132273174~AMT*B6*70~CLP*618170100*1*120*120**MC*1816300152440620*99*1~NM1*QC*1*GARCIA*ANA****MI*SF29073T~NM1*74*1*GARCIA*ANA*F~REF*EA*618170100~DTM*232*20180530~DTM*233*20180530~AMT*AU*120~SVC*HC:A0100:TN*70*70**2~DTM*472*20180530~REF*G1*71132273149~AMT*B6*70~SVC*HC:A0100:SC*50*50**2~DTM*472*20180530~REF*G1*71132273149~AMT*B6*50~CLP*618143790*1*95.95*95.95**MC*1816300152440720*99*1~NM1*QC*1*ORTIZ*LEONEL****MI*XX50118N~NM1*74*1*ORTIZ*LEONEL*A~REF*EA*618143790~DTM*232*20180531~DTM*233*20180531~AMT*AU*95.95~SVC*HC:A0100*25.95*25.95**1~DTM*472*20180531~REF*G1*91132273549~AMT*B6*25.95~SVC*HC:A0100:TN*70*70**2~DTM*472*20180531~REF*G1*91132273549~AMT*B6*70~CLP*618099330*1*214.5*214.5**MC*1816300152440820*99*1~NM1*QC*1*HAWKINSLINGO*MAYLENE****MI*PT03668K~NM1*74*1*HAWKINSLINGO*MAYLENE*A~REF*EA*618099330~DTM*232*20180530~DTM*233*20180530~AMT*AU*214.5~SVC*HC:A0100:TN*70*70**2~DTM*472*20180530~REF*G1*81132273474~AMT*B6*70~SVC*HC:S0215:TN*94.5*94.5**42~DTM*472*20180530~REF*G1*81132273474~AMT*B6*94.5~SVC*HC:A0100:SC*50*50**2~DTM*472*20180530~REF*G1*81132273474~AMT*B6*50~CLP*618099250*1*126.42*126.42**MC*1816300152440920*99*1~NM1*QC*1*FORD*YANIQUE****MI*SG65867E~REF*EA*618099250~DTM*232*20180530~DTM*233*20180530~AMT*AU*126.42~SVC*HC:A0100:TN*70*70**2~DTM*472*20180530~REF*G1*11132273449~AMT*B6*70~SVC*HC:S0215*6.42*6.42**2~DTM*472*20180530~REF*G1*11132273449~AMT*B6*6.42~SVC*HC:A0100:SC*50*50**2~DTM*472*20180530~REF*G1*11132273449~AMT*B6*50~CLP*618099160*1*212.25*212.25**MC*1816300152441020*99*1~NM1*QC*1*HAWKINSLINGO*MAYLENE****MI*PT03668K~NM1*74*1*HAWKINSLINGO*MAYLENE*A~REF*EA*618099160~DTM*232*20180529~DTM*233*20180529~AMT*AU*212.25~SVC*HC:A0100:TN*70*70**2~DTM*472*20180529~REF*G1*31132273424~AMT*B6*70~SVC*HC:S0215:TN*92.25*92.25**41~DTM*472*20180529~REF*G1*31132273424~AMT*B6*92.25~SVC*HC:A0100:SC*50*50**2~DTM*472*20180529~REF*G1*31132273424~AMT*B6*50~CLP*618099120*1*126.42*126.42**MC*1816300152441120*99*1~NM1*QC*1*FORD*YANIQUE****MI*SG65867E~REF*EA*618099120~DTM*232*20180529~DTM*233*20180529~AMT*AU*126.42~SVC*HC:A0100:TN*70*70**2~DTM*472*20180529~REF*G1*81132273399~AMT*B6*70~SVC*HC:S0215*6.42*6.42**2~DTM*472*20180529~REF*G1*81132273399~AMT*B6*6.42~SVC*HC:A0100:SC*50*50**2~DTM*472*20180529~REF*G1*81132273399~AMT*B6*50~CLP*618180670*1*95.95*95.95**MC*1816300152441320*99*1~NM1*QC*1*MAYES*KENNETH****MI*XN80853S~REF*EA*618180670~DTM*232*20180531~DTM*233*20180531~AMT*AU*95.95~SVC*HC:A0100*25.95*25.95**1~DTM*472*20180531~REF*G1*71132273224~AMT*B6*25.95~SVC*HC:A0100:TN*70*70**2~DTM*472*20180531~REF*G1*71132273224~AMT*B6*70~CLP*618258680*1*267.13*267.13**MC*1816300152441420*99*1~NM1*QC*1*CAFFEY*SHARON****MI*XQ37608H~REF*EA*618258680~DTM*232*20180531~DTM*233*20180531~AMT*AU*267.13~SVC*HC:A0100:TN*140*140**4~DTM*472*20180531~REF*G1*61132273475~AMT*B6*140~SVC*HC:S0215*9.63*9.63**3~DTM*472*20180531~REF*G1*61132273475~AMT*B6*9.63~SVC*HC:S0215:TN*67.5*67.5**30~DTM*472*20180531~REF*G1*61132273475~AMT*B6*67.5~SVC*HC:A0100:SC*50*50**2~DTM*472*20180531~REF*G1*61132273475~AMT*B6*50~CLP*618591720*1*51.9*51.9**MC*1816300152441520*99*1~NM1*QC*1*WAN*AMBROSE****MI*XN08971T~NM1*74*1*WAN*AMBROSE*V~REF*EA*618591720~DTM*232*20180531~DTM*233*20180531~AMT*AU*51.9~SVC*HC:A0100*51.9*51.9**2~DTM*472*20180531~REF*G1*71132273328~AMT*B6*51.9~CLP*618583080*1*51.9*51.9**MC*1816300152441620*99*1~NM1*QC*1*HULASIE*JEENARINE****MI*NS25067U~REF*EA*618583080~DTM*232*20180601~DTM*233*20180601~AMT*AU*51.9~SVC*HC:A0100*51.9*51.9**2~DTM*472*20180601~REF*G1*91132273303~AMT*B6*51.9~CLP*618554500*1*35*0**MC*1816300152441720*99*1~NM1*QC*1*NIE*BI****MI*SN38558N~NM1*74*1*NIE*BI*Q~REF*EA*618554500~DTM*232*20180531~DTM*233*20180531~SVC*HC:A0100:TN*35*0**0~DTM*472*20180531~CAS*CO*183*35~REF*G1*31132273127~CLP*618536610*1*51.9*51.9**MC*1816300152441820*99*1~NM1*QC*1*LEARY*ROBIN****MI*YX27005A~NM1*74*1*LEARY*ROBIN*Y~REF*EA*618536610~DTM*232*20180601~DTM*233*20180601~AMT*AU*51.9~SVC*HC:A0100*51.9*51.9**2~DTM*472*20180601~REF*G1*51132273527~AMT*B6*51.9~CLP*618519690*1*222.41*222.41**MC*1816300152441920*99*1~NM1*QC*1*BATISTA*FRANCES****MI*ZN65296Z~NM1*74*1*BATISTA*FRANCES*E~REF*EA*618519690~DTM*232*20180602~DTM*233*20180602~AMT*AU*222.41~SVC*HC:A0100:TN*105*105**3~DTM*472*20180602~REF*G1*91132273327~AMT*B6*105~SVC*HC:S0215*67.41*67.41**21~DTM*472*20180602~REF*G1*91132273327~AMT*B6*67.41~SVC*HC:A0100:SC*50*50**2~DTM*472*20180602~REF*G1*91132273327~AMT*B6*50~CLP*618518140*1*190.62*190.62**MC*1816300152442020*99*1~NM1*QC*1*BATISTA*FRANCES****MI*ZN65296Z~NM1*74*1*BATISTA*FRANCES*E~REF*EA*618518140~DTM*232*20180601~DTM*233*20180601~AMT*AU*190.62~SVC*HC:A0100:TN*70*70**2~DTM*472*20180601~REF*G1*11132273302~AMT*B6*70~SVC*HC:S0215*70.62*70.62**22~DTM*472*20180601~REF*G1*11132273302~AMT*B6*70.62~SVC*HC:A0100:SC*50*50**2~DTM*472*20180601~REF*G1*11132273302~AMT*B6*50~CLP*618516060*1*131.52*0**MC*1816300152442120*99*1~NM1*QC*1*CULLEN*EILEEN****MI*UA80585H~NM1*74*1*CULLEN*EILEEN*B~REF*EA*618516060~DTM*232*20180531~DTM*233*20180531~SVC*HC:A0100:TN*70*0**0~DTM*472*20180531~CAS*CO*183*70~REF*G1*00000000000~SVC*HC:A0100:SC*50*0**0~DTM*472*20180531~CAS*CO*183*50~REF*G1*00000000000~SVC*HC:A0170:CG*11.52*0**0~DTM*472*20180531~CAS*CO*183*11.52~REF*G1*00000000000~CLP*618495640*1*51.9*51.9**MC*1816300152442220*99*1~NM1*QC*1*TRABOULSY*CHRISTINA****MI*ZA17590R~REF*EA*618495640~DTM*232*20180530~DTM*233*20180530~AMT*AU*51.9~SVC*HC:A0100*51.9*51.9**2~DTM*472*20180530~REF*G1*31132273226~AMT*B6*51.9~CLP*618471900*1*51.9*51.9**MC*1816300152442320*99*1~NM1*QC*1*NELSON*EILEEN****MI*YB68574U~REF*EA*618471900~DTM*232*20180601~DTM*233*20180601~AMT*AU*51.9~SVC*HC:A0100*51.9*51.9**2~DTM*472*20180601~REF*G1*51132273126~AMT*B6*51.9~CLP*616855890*1*51.9*51.9**MC*1816300152442420*99*1~NM1*QC*1*CHEN*YE JUN****MI*QN14806E~REF*EA*616855890~DTM*232*20180531~DTM*233*20180531~AMT*AU*51.9~SVC*HC:A0100*51.9*51.9**2~DTM*472*20180531~REF*G1*21132273014~AMT*B6*51.9~CLP*588942430*1*51.9*51.9**MC*1816300152442520*99*1~NM1*QC*1*ORTIZ*LEONEL****MI*XX50118N~NM1*74*1*ORTIZ*LEONEL*A~REF*EA*588942430~DTM*232*20180529~DTM*233*20180529~AMT*AU*51.9~SVC*HC:A0100*51.9*51.9**2~DTM*472*20180529~REF*G1*01132272440~AMT*B6*51.9~CLP*587938130*1*70*70**MC*1816300152442620*99*1~NM1*QC*1*MAYES*KENNETH****MI*XN80853S~REF*EA*587938130~DTM*232*20180528~DTM*233*20180528~AMT*AU*70~SVC*HC:A0100:TN*70*70**2~DTM*472*20180528~REF*G1*61132272140~AMT*B6*70~CLP*587029350*1*283.09*283.09**MC*1816300152442720*99*1~NM1*QC*1*BATISTA*FRANCES****MI*ZN65296Z~NM1*74*1*BATISTA*FRANCES*E~REF*EA*587029350~DTM*232*20180531~DTM*233*20180531~AMT*AU*283.09~SVC*HC:A0100:TN*140*140**4~DTM*472*20180531~REF*G1*61132271919~AMT*B6*140~SVC*HC:S0215*93.09*93.09**29~DTM*472*20180531~REF*G1*61132271919~AMT*B6*93.09~SVC*HC:A0100:SC*50*50**2~DTM*472*20180531~REF*G1*61132271919~AMT*B6*50~CLP*596369300*1*70*70**MC*1816300152442820*99*1~NM1*QC*1*CHEN*ROY****MI*MJ42714V~REF*EA*596369300~DTM*232*20180603~DTM*233*20180603~AMT*AU*70~SVC*HC:A0100:TN*70*70**2~DTM*472*20180603~REF*G1*21132272321~AMT*B6*70~CLP*577755600*1*136.05*136.05**MC*1816300152443420*99*1~NM1*QC*1*LU*HAITAO****MI*PM52737C~REF*EA*577755600~DTM*232*20180529~DTM*233*20180529~AMT*AU*136.05~SVC*HC:A0100:TN*70*70**2~DTM*472*20180529~REF*G1*91132272016~AMT*B6*70~SVC*HC:S0215*16.05*16.05**5~DTM*472*20180529~REF*G1*91132272016~AMT*B6*16.05~SVC*HC:A0100:SC*50*50**2~DTM*472*20180529~REF*G1*91132272016~AMT*B6*50~CLP*603174710*1*51.9*51.9**MC*1816300152443520*99*1~NM1*QC*1*KOWALSKI*THERESA****MI*ZZ33079T~NM1*74*1*KOWALSKI*THERESA*G~REF*EA*603174710~DTM*232*20180529~DTM*233*20180529~AMT*AU*51.9~SVC*HC:A0100*51.9*51.9**2~DTM*472*20180529~REF*G1*81132272205~AMT*B6*51.9~CLP*609724240*1*51.9*51.9**MC*1816300152443620*99*1~NM1*QC*1*ZHOU*SUMIN****MI*QF10646S~REF*EA*609724240~DTM*232*20180529~DTM*233*20180529~AMT*AU*51.9~SVC*HC:A0100*51.9*51.9**2~DTM*472*20180529~REF*G1*01132272841~AMT*B6*51.9~CLP*609592610*1*51.9*51.9**MC*1816300152443720*99*1~NM1*QC*1*YUNG*GLORIA****MI*UA10312F~REF*EA*609592610~DTM*232*20180530~DTM*233*20180530~AMT*AU*51.9~SVC*HC:A0100*51.9*51.9**2~DTM*472*20180530~REF*G1*51132272716~AMT*B6*51.9~CLP*609448010*1*70*70**MC*1816300152443820*99*1~NM1*QC*1*CHEN*ROY****MI*MJ42714V~REF*EA*609448010~DTM*232*20180529~DTM*233*20180529~AMT*AU*70~SVC*HC:A0100:TN*70*70**2~DTM*472*20180529~REF*G1*41132272566~AMT*B6*70~CLP*609417170*1*105.31*105.31**MC*1816300152443920*99*1~NM1*QC*1*STEVENSON*WENDY****MI*XT15404E~REF*EA*609417170~DTM*232*20180529~DTM*233*20180529~AMT*AU*105.31~SVC*HC:A0100:TN*70*70**2~DTM*472*20180529~REF*G1*01132273015~AMT*B6*70~SVC*HC:S0215*35.31*35.31**11~DTM*472*20180529~REF*G1*01132273015~AMT*B6*35.31~CLP*609282760*1*35*35**MC*1816300152444020*99*1~NM1*QC*1*CARNET*JOSE****MI*WC60381M~REF*EA*609282760~DTM*232*20180529~DTM*233*20180529~AMT*AU*35~SVC*HC:A0100:TN*35*35**1~DTM*472*20180529~REF*G1*21132272840~AMT*B6*35~CLP*608111920*1*51.9*51.9**MC*1816300152444120*99*1~NM1*QC*1*WANG*FENGLU****MI*KX07878H~REF*EA*608111920~DTM*232*20180602~DTM*233*20180602~AMT*AU*51.9~SVC*HC:A0100*51.9*51.9**2~DTM*472*20180602~REF*G1*41132272288~AMT*B6*51.9~CLP*608111900*1*51.9*51.9**MC*1816300152444220*99*1~NM1*QC*1*WANG*FENGLU****MI*KX07878H~REF*EA*608111900~DTM*232*20180530~DTM*233*20180530~AMT*AU*51.9~SVC*HC:A0100*51.9*51.9**2~DTM*472*20180530~REF*G1*61132272263~AMT*B6*51.9~CLP*607495700*1*97.57*97.57**MC*1816300152444320*99*1~NM1*QC*1*LIN*ANGELA****MI*KH67506Q~REF*EA*607495700~DTM*232*20180531~DTM*233*20180531~AMT*AU*97.57~SVC*HC:A0100:TN*70*70**2~DTM*472*20180531~REF*G1*41132272561~AMT*B6*70~SVC*HC:S0215*16.05*16.05**5~DTM*472*20180531~REF*G1*41132272561~AMT*B6*16.05~SVC*HC:A0170:CG*11.52*11.52**1~DTM*472*20180531~REF*G1*41132272561~AMT*B6*11.52~CLP*606265930*1*51.9*51.9**MC*1816300152444420*99*1~NM1*QC*1*KOWALSKI*THERESA****MI*ZZ33079T~NM1*74*1*KOWALSKI*THERESA*G~REF*EA*606265930~DTM*232*20180530~DTM*233*20180530~AMT*AU*51.9~SVC*HC:A0100*51.9*51.9**2~DTM*472*20180530~REF*G1*51132272334~AMT*B6*51.9~CLP*606251950*1*110.5*110.5**MC*1816300152444520*99*1~NM1*QC*1*DOUGLAS*CATHERINE****MI*ZQ10118K~REF*EA*606251950~DTM*232*20180601~DTM*233*20180601~AMT*AU*110.5~SVC*HC:A0100:TN*70*70**2~DTM*472*20180601~REF*G1*51132272259~AMT*B6*70~SVC*HC:S0215:TN*40.5*40.5**18~DTM*472*20180601~REF*G1*51132272259~AMT*B6*40.5~CLP*576332730*1*51.9*51.9**MC*1816300152444620*99*1~NM1*QC*1*DEARCE*RAFAEL****MI*ZS28632H~REF*EA*576332730~DTM*232*20180529~DTM*233*20180529~AMT*AU*51.9~SVC*HC:A0100*51.9*51.9**2~DTM*472*20180529~REF*G1*61132271957~AMT*B6*51.9~CLP*558984100*1*102.1*101.1**MC*1816300152444720*99*1~NM1*QC*1*TURNER*ROBERT****MI*XB09081V~REF*EA*558984100~DTM*232*20180529~DTM*233*20180529~AMT*AU*101.1~SVC*HC:A0100:TN*70*70**2~DTM*472*20180529~REF*G1*91132233888~AMT*B6*70~SVC*HC:S0215*32.1*31.1**10~DTM*472*20180529~CAS*CO*45*1~REF*G1*91132233888~AMT*B6*31.1~CLP*557507430*1*127.78*127.78**MC*1816300152444820*99*1~NM1*QC*1*BATISTA*FRANCES****MI*ZN65296Z~NM1*74*1*BATISTA*FRANCES*E~REF*EA*557507430~DTM*232*20180530~DTM*233*20180530~AMT*AU*127.78~SVC*HC:A0100:TN*70*70**2~DTM*472*20180530~REF*G1*71132271640~AMT*B6*70~SVC*HC:S0215*57.78*57.78**18~DTM*472*20180530~REF*G1*71132271640~AMT*B6*57.78~CLP*557507420*1*127.78*127.78**MC*1816300152444920*99*1~NM1*QC*1*BATISTA*FRANCES****MI*ZN65296Z~NM1*74*1*BATISTA*FRANCES*E~REF*EA*557507420~DTM*232*20180528~DTM*233*20180528~AMT*AU*127.78~SVC*HC:A0100:TN*70*70**2~DTM*472*20180528~REF*G1*01132271615~AMT*B6*70~SVC*HC:S0215*57.78*57.78**18~DTM*472*20180528~REF*G1*01132271615~AMT*B6*57.78~CLP*549285710*1*124.57*54.57**MC*1816300152445020*99*1~NM1*QC*1*MEJIA*ELIZABETH****MI*WA51950F~REF*EA*549285710~DTM*232*20180529~DTM*233*20180529~AMT*AU*54.57~SVC*HC:A0100:TN*70*0**0~DTM*472*20180529~CAS*CO*198*70~REF*G1*31132271708~LQ*HE*N758~SVC*HC:S0215*54.57*54.57**17~DTM*472*20180529~REF*G1*31132271708~AMT*B6*54.57~CLP*544984810*1*51.9*51.9**MC*1816300152445120*99*1~NM1*QC*1*KUANG*CUI****MI*XA99269A~NM1*74*1*KUANG*CUI*Y~REF*EA*544984810~DTM*232*20180601~DTM*233*20180601~AMT*AU*51.9~SVC*HC:A0100*51.9*51.9**2~DTM*472*20180601~REF*G1*11132271506~AMT*B6*51.9~CLP*544984790*1*51.9*51.9**MC*1816300152445220*99*1~NM1*QC*1*KUANG*CUI****MI*XA99269A~NM1*74*1*KUANG*CUI*Y~REF*EA*544984790~DTM*232*20180530~DTM*233*20180530~AMT*AU*51.9~SVC*HC:A0100*51.9*51.9**2~DTM*472*20180530~REF*G1*51132271481~AMT*B6*51.9~CLP*544984760*1*51.9*51.9**MC*1816300152445320*99*1~NM1*QC*1*KUANG*CUI****MI*XA99269A~NM1*74*1*KUANG*CUI*Y~REF*EA*544984760~DTM*232*20180528~DTM*233*20180528~AMT*AU*51.9~SVC*HC:A0100*51.9*51.9**2~DTM*472*20180528~REF*G1*81132271456~AMT*B6*51.9~CLP*526942140*1*51.9*51.9**MC*1816300152445420*99*1~NM1*QC*1*YEUNG*SHOULIANG****MI*KJ81008U~REF*EA*526942140~DTM*232*20180602~DTM*233*20180602~AMT*AU*51.9~SVC*HC:A0100*51.9*51.9**2~DTM*472*20180602~REF*G1*11132271346~AMT*B6*51.9~CLP*526942130*1*51.9*51.9**MC*1816300152445520*99*1~NM1*QC*1*YEUNG*SHOULIANG****MI*KJ81008U~REF*EA*526942130~DTM*232*20180531~DTM*233*20180531~AMT*AU*51.9~SVC*HC:A0100*51.9*51.9**2~DTM*472*20180531~REF*G1*31132271321~AMT*B6*51.9~CLP*562664600*1*51.9*51.9**MC*1816300152445620*99*1~NM1*QC*1*FIERSTEIN*SAMUEL****MI*VX81030M~REF*EA*562664600~DTM*232*20180530~DTM*233*20180530~AMT*AU*51.9~SVC*HC:A0100*51.9*51.9**2~DTM*472*20180530~REF*G1*51132271769~AMT*B6*51.9~CLP*562664610*1*51.9*51.9**MC*1816300152445720*99*1~NM1*QC*1*FIERSTEIN*SAMUEL****MI*VX81030M~REF*EA*562664610~DTM*232*20180601~DTM*233*20180601~AMT*AU*51.9~SVC*HC:A0100*51.9*51.9**2~DTM*472*20180601~REF*G1*11132271785~AMT*B6*51.9~CLP*573997050*1*137.41*137.41**MC*1816300152445920*99*1~NM1*QC*1*LUO*XIAOFANG****MI*KF17862J~REF*EA*573997050~DTM*232*20180530~DTM*233*20180530~AMT*AU*137.41~SVC*HC:A0100:TN*70*70**2~DTM*472*20180530~REF*G1*71132271881~AMT*B6*70~SVC*HC:S0215*67.41*67.41**21~DTM*472*20180530~REF*G1*71132271881~AMT*B6*67.41~CLP*568476030*1*51.9*51.9**MC*1816300152446020*99*1~NM1*QC*1*FIERSTEIN*SAMUEL****MI*VX81030M~REF*EA*568476030~DTM*232*20180528~DTM*233*20180528~AMT*AU*51.9~SVC*HC:A0100*51.9*51.9**2~DTM*472*20180528~REF*G1*21132271997~AMT*B6*51.9~CLP*568111440*1*51.9*51.9**MC*1816300152446120*99*1~NM1*QC*1*ORTIZ*LEONEL****MI*XX50118N~NM1*74*1*ORTIZ*LEONEL*A~REF*EA*568111440~DTM*232*20180601~DTM*233*20180601~AMT*AU*51.9~SVC*HC:A0100*51.9*51.9**2~DTM*472*20180601~REF*G1*31132271968~AMT*B6*51.9~CLP*568111430*1*51.9*51.9**MC*1816300152446220*99*1~NM1*QC*1*ORTIZ*LEONEL****MI*XX50118N~NM1*74*1*ORTIZ*LEONEL*A~REF*EA*568111430~DTM*232*20180530~DTM*233*20180530~AMT*AU*51.9~SVC*HC:A0100*51.9*51.9**2~DTM*472*20180530~REF*G1*41132271953~AMT*B6*51.9~CLP*566973010*1*51.9*51.9**MC*1816300152446320*99*1~NM1*QC*1*RASTOGI*INGRID****MI*QY13671Z~REF*EA*566973010~DTM*232*20180531~DTM*233*20180531~AMT*AU*51.9~SVC*HC:A0100*51.9*51.9**2~DTM*472*20180531~REF*G1*81132271937~AMT*B6*51.9~CLP*566973000*1*51.9*51.9**MC*1816300152446420*99*1~NM1*QC*1*RASTOGI*INGRID****MI*QY13671Z~REF*EA*566973000~DTM*232*20180530~DTM*233*20180530~AMT*AU*51.9~SVC*HC:A0100*51.9*51.9**2~DTM*472*20180530~REF*G1*91132271922~AMT*B6*51.9~CLP*566972990*1*51.9*51.9**MC*1816300152446520*99*1~NM1*QC*1*RASTOGI*INGRID****MI*QY13671Z~REF*EA*566972990~DTM*232*20180529~DTM*233*20180529~AMT*AU*51.9~SVC*HC:A0100*51.9*51.9**2~DTM*472*20180529~REF*G1*11132271907~AMT*B6*51.9~CLP*565130660*1*137.41*137.41**MC*1816300152446620*99*1~NM1*QC*1*LUO*XIAOFANG****MI*KF17862J~REF*EA*565130660~DTM*232*20180528~DTM*233*20180528~AMT*AU*137.41~SVC*HC:A0100:TN*70*70**2~DTM*472*20180528~REF*G1*21132271831~AMT*B6*70~SVC*HC:S0215*67.41*67.41**21~DTM*472*20180528~REF*G1*21132271831~AMT*B6*67.41~CLP*609815660*1*129.63*129.63**MC*1816300152446720*99*1~NM1*QC*1*WATT*PING****MI*TE16353T~REF*EA*609815660~DTM*232*20180531~DTM*233*20180531~AMT*AU*129.63~SVC*HC:A0100:TN*70*70**2~DTM*472*20180531~REF*G1*01132272667~AMT*B6*70~SVC*HC:S0215*9.63*9.63**3~DTM*472*20180531~REF*G1*01132272667~AMT*B6*9.63~SVC*HC:A0100:SC*50*50**2~DTM*472*20180531~REF*G1*01132272667~AMT*B6*50~CLP*610422940*1*216.09*216.09**MC*1816300152446820*99*1~NM1*QC*1*MCDONALD*CLARA****MI*SF57501Q~NM1*74*1*MCDONALD*CLARA*A~REF*EA*610422940~DTM*232*20180529~DTM*233*20180529~AMT*AU*216.09~SVC*HC:A0100:TN*70*70**2~DTM*472*20180529~REF*G1*41132272943~AMT*B6*70~SVC*HC:S0215*80.25*80.25**25~DTM*472*20180529~REF*G1*41132272943~AMT*B6*80.25~SVC*HC:A0100:SC*50*50**2~DTM*472*20180529~REF*G1*41132272943~AMT*B6*50~SVC*HC:A0170:CG*15.84*15.84**1~DTM*472*20180529~REF*G1*41132272943~AMT*B6*15.84~CLP*616016370*1*153.99*153.99**MC*1816300152446920*99*1~NM1*QC*1*JOHNSON*KEISHA****MI*ZP34033B~REF*EA*616016370~DTM*232*20180531~DTM*233*20180531~AMT*AU*153.99~SVC*HC:A0100:TN*70*70**2~DTM*472*20180531~REF*G1*81132272786~AMT*B6*70~SVC*HC:S0215*22.47*22.47**7~DTM*472*20180531~REF*G1*81132272786~AMT*B6*22.47~SVC*HC:A0100:SC*50*50**2~DTM*472*20180531~REF*G1*81132272786~AMT*B6*50~SVC*HC:A0170:CG*11.52*11.52**1~DTM*472*20180531~REF*G1*81132272786~AMT*B6*11.52~CLP*616132560*1*148.75*148.75**MC*1816300152447020*99*1~NM1*QC*1*SANTIAGO*ROSA****MI*SK42824S~NM1*74*1*SANTIAGO*ROSA*M~REF*EA*616132560~DTM*232*20180601~DTM*233*20180601~AMT*AU*148.75~SVC*HC:A0100:TN*70*70**2~DTM*472*20180601~REF*G1*01132272587~AMT*B6*70~SVC*HC:S0215:TN*78.75*78.75**35~DTM*472*20180601~REF*G1*01132272587~AMT*B6*78.75~CLP*616216910*1*140.62*140.62**MC*1816300152447120*99*1~NM1*QC*1*ANCAR*CAROL****MI*PZ82509Q~NM1*74*1*ANCAR*CAROL*S~REF*EA*616216910~DTM*232*20180529~DTM*233*20180529~AMT*AU*140.62~SVC*HC:A0100:TN*70*70**2~DTM*472*20180529~REF*G1*81132272687~AMT*B6*70~SVC*HC:S0215*70.62*70.62**22~DTM*472*20180529~REF*G1*81132272687~AMT*B6*70.62~CLP*616219650*1*111.73*111.73**MC*1816300152447220*99*1~NM1*QC*1*ANCAR*CAROL****MI*PZ82509Q~NM1*74*1*ANCAR*CAROL*S~REF*EA*616219650~DTM*232*20180601~DTM*233*20180601~AMT*AU*111.73~SVC*HC:A0100:TN*70*70**2~DTM*472*20180601~REF*G1*31132272712~AMT*B6*70~SVC*HC:S0215*41.73*41.73**13~DTM*472*20180601~REF*G1*31132272712~AMT*B6*41.73~CLP*614358480*1*120*120**MC*1816300152447320*99*1~NM1*QC*1*DONADIO*THERESA****MI*VZ52712C~NM1*74*1*DONADIO*THERESA*A~REF*EA*614358480~DTM*232*20180530~DTM*233*20180530~AMT*AU*120~SVC*HC:A0100:TN*70*70**2~DTM*472*20180530~REF*G1*41132272580~AMT*B6*70~SVC*HC:A0100:SC*50*50**2~DTM*472*20180530~REF*G1*41132272580~AMT*B6*50~CLP*616630790*1*51.9*51.9**MC*1816300152447420*99*1~NM1*QC*1*YACOOB*AZAAD****MI*YP39454H~REF*EA*616630790~DTM*232*20180529~DTM*233*20180529~AMT*AU*51.9~SVC*HC:A0100*51.9*51.9**2~DTM*472*20180529~REF*G1*91132273063~AMT*B6*51.9~CLP*614235780*1*70*70**MC*1816300152447520*99*1~NM1*QC*1*DUTTA  GUPTA*DEBJANI****MI*NT50720D~REF*EA*614235780~DTM*232*20180529~DTM*233*20180529~AMT*AU*70~SVC*HC:A0100:TN*70*70**2~DTM*472*20180529~REF*G1*11132272954~AMT*B6*70~CLP*616631590*1*171.36*171.36**MC*1816300152447620*99*1~NM1*QC*1*YACOOB*AZAAD****MI*YP39454H~REF*EA*616631590~DTM*232*20180530~DTM*233*20180530~AMT*AU*171.36~SVC*HC:A0100:TN*70*70**2~DTM*472*20180530~REF*G1*61132272589~AMT*B6*70~SVC*HC:S0215*51.36*51.36**16~DTM*472*20180530~REF*G1*61132272589~AMT*B6*51.36~SVC*HC:A0100:SC*50*50**2~DTM*472*20180530~REF*G1*61132272589~AMT*B6*50~CLP*614845250*1*70*70**MC*1816300152447720*99*1~NM1*QC*1*NIE*BI****MI*SN38558N~NM1*74*1*NIE*BI*Q~REF*EA*614845250~DTM*232*20180530~DTM*233*20180530~AMT*AU*70~SVC*HC:A0100:TN*70*70**2~DTM*472*20180530~REF*G1*61132272881~AMT*B6*70~CLP*614381410*1*131.52*131.52**MC*1816300152447820*99*1~NM1*QC*1*GARCIA*JORGE****MI*XU90686N~NM1*74*1*GARCIA*JORGE*G~REF*EA*614381410~DTM*232*20180530~DTM*233*20180530~AMT*AU*131.52~SVC*HC:A0100:TN*70*70**2~DTM*472*20180530~REF*G1*01132272605~AMT*B6*70~SVC*HC:A0100:SC*50*50**2~DTM*472*20180530~REF*G1*01132272605~AMT*B6*50~SVC*HC:A0170:CG*11.52*11.52**1~DTM*472*20180530~REF*G1*01132272605~AMT*B6*11.52~CLP*614975670*1*51.9*51.9**MC*1816300152447920*99*1~NM1*QC*1*TRABOULSY*CHRISTINA****MI*ZA17590R~REF*EA*614975670~DTM*232*20180529~DTM*233*20180529~AMT*AU*51.9~SVC*HC:A0100*51.9*51.9**2~DTM*472*20180529~REF*G1*31132272632~AMT*B6*51.9~CLP*614976560*1*25.95*25.95**MC*1816300152448020*99*1~NM1*QC*1*TRABOULSY*CHRISTINA****MI*ZA17590R~REF*EA*614976560~DTM*232*20180531~DTM*233*20180531~AMT*AU*25.95~SVC*HC:A0100*25.95*25.95**1~DTM*472*20180531~REF*G1*11132272657~AMT*B6*25.95~CLP*614839180*1*147.57*147.57**MC*1816300152448120*99*1~NM1*QC*1*WARFIELD*DARYL****MI*UC36318E~NM1*74*1*WARFIELD*DARYL*W~REF*EA*614839180~DTM*232*20180529~DTM*233*20180529~AMT*AU*147.57~SVC*HC:A0100:TN*70*70**2~DTM*472*20180529~REF*G1*91132272856~AMT*B6*70~SVC*HC:S0215*16.05*16.05**5~DTM*472*20180529~REF*G1*91132272856~AMT*B6*16.05~SVC*HC:A0100:SC*50*50**2~DTM*472*20180529~REF*G1*91132272856~AMT*B6*50~SVC*HC:A0170:CG*11.52*11.52**1~DTM*472*20180529~REF*G1*91132272856~AMT*B6*11.52~CLP*614672940*1*105.31*105.31**MC*1816300152448220*99*1~NM1*QC*1*MEJIA*ELIZABETH****MI*WA51950F~REF*EA*614672940~DTM*232*20180530~DTM*233*20180530~AMT*AU*105.31~SVC*HC:A0100:TN*70*70**2~DTM*472*20180530~REF*G1*31132272656~AMT*B6*70~SVC*HC:S0215*35.31*35.31**11~DTM*472*20180530~REF*G1*31132272656~AMT*B6*35.31~CLP*614672020*1*124.57*124.57**MC*1816300152448420*99*1~NM1*QC*1*MEJIA*ELIZABETH****MI*WA51950F~REF*EA*614672020~DTM*232*20180601~DTM*233*20180601~AMT*AU*124.57~SVC*HC:A0100:TN*70*70**2~DTM*472*20180601~REF*G1*51132272631~AMT*B6*70~SVC*HC:S0215*54.57*54.57**17~DTM*472*20180601~REF*G1*51132272631~AMT*B6*54.57~CLP*615566620*1*51.9*51.9**MC*1816300152448520*99*1~NM1*QC*1*JEENARINE*STANLEY****MI*TZ20725J~REF*EA*615566620~DTM*232*20180531~DTM*233*20180531~AMT*AU*51.9~SVC*HC:A0100*51.9*51.9**2~DTM*472*20180531~REF*G1*71132272635~AMT*B6*51.9~CLP*614597510*1*115*115**MC*1816300152448620*99*1~NM1*QC*1*STEVENSON*WENDY****MI*XT15404E~REF*EA*614597510~DTM*232*20180530~DTM*233*20180530~AMT*AU*115~SVC*HC:A0100:TN*70*70**2~DTM*472*20180530~REF*G1*41132272905~AMT*B6*70~SVC*HC:S0215:TN*45*45**20~DTM*472*20180530~REF*G1*41132272905~AMT*B6*45~CLP*614533520*1*51.9*51.9**MC*1816300152448720*99*1~NM1*QC*1*YACOOB*AZAAD****MI*YP39454H~REF*EA*614533520~DTM*232*20180601~DTM*233*20180601~AMT*AU*51.9~SVC*HC:A0100*51.9*51.9**2~DTM*472*20180601~REF*G1*31132272755~AMT*B6*51.9~CLP*613847500*1*51.9*51.9**MC*1816300152448820*99*1~NM1*QC*1*MAYES*KENNETH****MI*XN80853S~REF*EA*613847500~DTM*232*20180529~DTM*233*20180529~AMT*AU*51.9~SVC*HC:A0100*51.9*51.9**2~DTM*472*20180529~REF*G1*71132272753~AMT*B6*51.9~CLP*612475830*1*130.75*130.75**MC*1816300152448920*99*1~NM1*QC*1*SINGH*SUKHJIT****MI*SD84614G~REF*EA*612475830~DTM*232*20180529~DTM*233*20180529~AMT*AU*130.75~SVC*HC:A0100:TN*70*70**2~DTM*472*20180529~REF*G1*41132272924~AMT*B6*70~SVC*HC:S0215:TN*60.75*60.75**27~DTM*472*20180529~REF*G1*41132272924~AMT*B6*60.75~CLP*616796120*1*135.39*135.39**MC*1816300152449020*99*1~NM1*QC*1*SPENCER*ANITA****MI*RC76691N~NM1*74*1*SPENCER*ANITA*M~REF*EA*616796120~DTM*232*20180529~DTM*233*20180529~AMT*AU*135.39~SVC*HC:A0100:TN*70*70**2~DTM*472*20180529~REF*G1*71132272814~AMT*B6*70~SVC*HC:S0215*9.63*9.63**3~DTM*472*20180529~REF*G1*71132272814~AMT*B6*9.63~SVC*HC:A0100:SC*50*50**2~DTM*472*20180529~REF*G1*71132272814~AMT*B6*50~SVC*HC:A0170:CG*5.76*5.76**1~DTM*472*20180529~REF*G1*71132272814~AMT*B6*5.76~CLP*612282650*1*50.95*50.95**MC*1816300152449120*99*1~NM1*QC*1*SANTOS*MARILINE****MI*QZ36262V~REF*EA*612282650~DTM*232*20180530~DTM*233*20180530~AMT*AU*50.95~SVC*HC:A0100*25.95*25.95**1~DTM*472*20180530~REF*G1*71132272574~AMT*B6*25.95~SVC*HC:A0100:SC*25*25**1~DTM*472*20180530~REF*G1*71132272574~AMT*B6*25~CLP*612014720*1*110.5*110.5**MC*1816300152449220*99*1~NM1*QC*1*PRESSLEY*CLINTASIA****MI*VD56124Y~REF*EA*612014720~DTM*232*20180530~DTM*233*20180530~AMT*AU*110.5~SVC*HC:A0100:TN*70*70**2~DTM*472*20180530~REF*G1*51132272773~AMT*B6*70~SVC*HC:S0215:TN*40.5*40.5**18~DTM*472*20180530~REF*G1*51132272773~AMT*B6*40.5~CLP*612014190*1*110.5*110.5**MC*1816300152449320*99*1~NM1*QC*1*PRESSLEY*CLINTASIA****MI*VD56124Y~REF*EA*612014190~DTM*232*20180529~DTM*233*20180529~AMT*AU*110.5~SVC*HC:A0100:TN*70*70**2~DTM*472*20180529~REF*G1*81132272748~AMT*B6*70~SVC*HC:S0215:TN*40.5*40.5**18~DTM*472*20180529~REF*G1*81132272748~AMT*B6*40.5~CLP*612799610*1*51.9*51.9**MC*1816300152449420*99*1~NM1*QC*1*KING*CITY****MI*WY24356M~NM1*74*1*KING*CITY*T~REF*EA*612799610~DTM*232*20180530~DTM*233*20180530~AMT*AU*51.9~SVC*HC:A0100*51.9*51.9**2~DTM*472*20180530~REF*G1*11132272850~AMT*B6*51.9~CLP*611218800*1*70*70**MC*1816300152449520*99*1~NM1*QC*1*WANG*MEIDI****MI*QY22261W~REF*EA*611218800~DTM*232*20180601~DTM*233*20180601~AMT*AU*70~SVC*HC:A0100:TN*70*70**2~DTM*472*20180601~REF*G1*91132272696~AMT*B6*70~CLP*616854860*1*51.9*51.9**MC*1816300152449620*99*1~NM1*QC*1*CHEN*YE JUN****MI*QN14806E~REF*EA*616854860~DTM*232*20180529~DTM*233*20180529~AMT*AU*51.9~SVC*HC:A0100*51.9*51.9**2~DTM*472*20180529~REF*G1*81132272989~AMT*B6*51.9~CLP*611176830*1*76.42*76.42**MC*1816300152449720*99*1~NM1*QC*1*YACOOB*AZAAD****MI*YP39454H~REF*EA*611176830~DTM*232*20180603~DTM*233*20180603~AMT*AU*76.42~SVC*HC:A0100:TN*70*70**2~DTM*472*20180603~REF*G1*31132272595~AMT*B6*70~SVC*HC:S0215*6.42*6.42**2~DTM*472*20180603~REF*G1*31132272595~AMT*B6*6.42~CLP*611176820*1*76.42*76.42**MC*1816300152449820*99*1~NM1*QC*1*YACOOB*AZAAD****MI*YP39454H~REF*EA*611176820~DTM*232*20180602~DTM*233*20180602~AMT*AU*76.42~SVC*HC:A0100:TN*70*70**2~DTM*472*20180602~REF*G1*31132272571~AMT*B6*70~SVC*HC:S0215*6.42*6.42**2~DTM*472*20180602~REF*G1*31132272571~AMT*B6*6.42~CLP*616850630*1*70*70**MC*1816300152449920*99*1~NM1*QC*1*WANG*MEIDI****MI*QY22261W~REF*EA*616850630~DTM*232*20180529~DTM*233*20180529~AMT*AU*70~SVC*HC:A0100:TN*70*70**2~DTM*472*20180529~REF*G1*01132272964~AMT*B6*70~CLP*612846490*1*51.9*51.9**MC*1816300152450020*99*1~NM1*QC*1*ARTALE*ROBIN****MI*YA68418Q~REF*EA*612846490~DTM*232*20180530~DTM*233*20180530~AMT*AU*51.9~SVC*HC:A0100*51.9*51.9**2~DTM*472*20180530~REF*G1*21132272925~AMT*B6*51.9~CLP*613010950*1*57.66*57.66**MC*1816300152450120*99*1~NM1*QC*1*ADAMS*SHASHEENA****MI*XJ86345Q~NM1*74*1*ADAMS*SHASHEENA*T~REF*EA*613010950~DTM*232*20180531~DTM*233*20180531~AMT*AU*57.66~SVC*HC:A0100*51.9*51.9**2~DTM*472*20180531~REF*G1*31132272651~AMT*B6*51.9~SVC*HC:A0170:CG*5.76*5.76**1~DTM*472*20180531~REF*G1*31132272651~AMT*B6*5.76~CLP*613303260*1*142.47*142.47**MC*1816300152450220*99*1~NM1*QC*1*ZHU*BAOCHEN****MI*PG19459M~REF*EA*613303260~DTM*232*20180530~DTM*233*20180530~AMT*AU*142.47~SVC*HC:A0100:TN*70*70**2~DTM*472*20180530~REF*G1*91132273001~AMT*B6*70~SVC*HC:S0215*22.47*22.47**7~DTM*472*20180530~REF*G1*91132273001~AMT*B6*22.47~SVC*HC:A0100:SC*50*50**2~DTM*472*20180530~REF*G1*91132273001~AMT*B6*50~CLP*616802950*1*70*70**MC*1816300152450320*99*1~NM1*QC*1*TAMILIO*ANTHONY****MI*PK73896C~REF*EA*616802950~DTM*232*20180531~DTM*233*20180531~AMT*AU*70~SVC*HC:A0100:TN*70*70**2~DTM*472*20180531~REF*G1*51132272839~AMT*B6*70~CLP*613577320*1*51.9*51.9**MC*1816300152450420*99*1~NM1*QC*1*LIN*ANGELA****MI*KH67506Q~REF*EA*613577320~DTM*232*20180601~DTM*233*20180601~AMT*AU*51.9~SVC*HC:A0100*51.9*51.9**2~DTM*472*20180601~REF*G1*51132272877~AMT*B6*51.9~CLP*549285670*1*127.78*70**MC*1816300152450520*99*1~NM1*QC*1*MEJIA*ELIZABETH****MI*WA51950F~REF*EA*549285670~DTM*232*20180501~DTM*233*20180501~AMT*AU*70~SVC*HC:A0100:TN*70*70**2~DTM*472*20180501~REF*G1*91131871604~AMT*B6*70~SVC*HC:S0215*57.78*0**0~DTM*472*20180501~CAS*CO*97*57.78~REF*G1*91131871604~LQ*HE*M86~CLP*587029300*1*96.3*96.3**MC*1816300152450620*99*1~NM1*QC*1*BATISTA*FRANCES****MI*ZN65296Z~NM1*74*1*BATISTA*FRANCES*E~REF*EA*587029300~DTM*232*20180503~DTM*233*20180503~AMT*AU*96.3~SVC*HC:S0215*96.3*96.3**30~DTM*472*20180503~REF*G1*61131177168~AMT*B6*96.3~CLP*608359550*1*67.5*67.5**MC*1816300152450720*99*1~NM1*QC*1*CAFFEY*SHARON****MI*XQ37608H~REF*EA*608359550~DTM*232*20180501~DTM*233*20180501~AMT*AU*67.5~SVC*HC:S0215:TN*67.5*67.5**30~DTM*472*20180501~REF*G1*21131179640~AMT*B6*67.5~CLP*608887100*1*19.26*19.26**MC*1816300152450820*99*1~NM1*QC*1*CAFFEY*SHARON****MI*XQ37608H~REF*EA*608887100~DTM*232*20180503~DTM*233*20180503~AMT*AU*19.26~SVC*HC:S0215*19.26*19.26**6~DTM*472*20180503~REF*G1*31131179475~AMT*B6*19.26~CLP*608076710*1*51.9*51.9**MC*1816300152450920*99*1~NM1*QC*1*NIE*BI QIU****MI*SN38558N~NM1*74*1*NIE*BI*Q~REF*EA*608076710~DTM*232*20180504~DTM*233*20180504~AMT*AU*51.9~SVC*HC:A0100*51.9*51.9**2~DTM*472*20180504~REF*G1*01131179004~AMT*B6*51.9~CLP*609387870*1*87.94*87.94**MC*1816300152451020*99*1~NM1*QC*1*CULLEN*EILEEN****MI*UA80585H~NM1*74*1*CULLEN*EILEEN*B~REF*EA*609387870~DTM*232*20180504~DTM*233*20180504~AMT*AU*87.94~SVC*HC:A0100:TN*70*70**2~DTM*472*20180504~REF*G1*61131180175~AMT*B6*70~SVC*HC:S0215*6.42*6.42**2~DTM*472*20180504~REF*G1*61131180175~AMT*B6*6.42~SVC*HC:A0170:CG*11.52*11.52**1~DTM*472*20180504~REF*G1*61131180175~AMT*B6*11.52~CLP*549285680*1*70*0**MC*1816300152451220*99*1~NM1*QC*1*MEJIA*ELIZABETH****MI*WA51950F~REF*EA*549285680~DTM*232*20180508~DTM*233*20180508~SVC*HC:A0100:TN*70*0**0~DTM*472*20180508~CAS*CO*198*70~REF*G1*51131467262~LQ*HE*N758~CLP*587029320*1*96.3*96.3**MC*1816300152451320*99*1~NM1*QC*1*BATISTA*FRANCES****MI*ZN65296Z~NM1*74*1*BATISTA*FRANCES*E~REF*EA*587029320~DTM*232*20180510~DTM*233*20180510~AMT*AU*96.3~SVC*HC:S0215*96.3*96.3**30~DTM*472*20180510~REF*G1*91131467642~AMT*B6*96.3~CLP*610788290*1*67.5*67.5**MC*1816300152451420*99*1~NM1*QC*1*CAFFEY*SHARON****MI*XQ37608H~REF*EA*610788290~DTM*232*20180508~DTM*233*20180508~AMT*AU*67.5~SVC*HC:S0215:TN*67.5*67.5**30~DTM*472*20180508~REF*G1*31131468791~AMT*B6*67.5~CLP*604459870*1*82.84*82.84**MC*1816300152451520*99*1~NM1*QC*1*VASQUEZ*NYDIA****MI*ZR93788C~REF*EA*604459870~DTM*232*20180509~DTM*233*20180509~AMT*AU*82.84~SVC*HC:A0100:TN*70*70**2~DTM*472*20180509~REF*G1*41131468200~AMT*B6*70~SVC*HC:S0215*12.84*12.84**4~DTM*472*20180509~REF*G1*41131468200~AMT*B6*12.84~CLP*611690740*1*51.9*0**MC*1816300152451620*99*1~NM1*QC*1*GARAY*CARLOS****MI*PZ99779K~REF*EA*611690740~DTM*232*20180509~DTM*233*20180509~SVC*HC:A0100*51.9*0**0~DTM*472*20180509~CAS*CO*243*51.9~REF*G1*61131469251~CLP*612204320*1*25.95*25.95**MC*1816300152451720*99*1~NM1*QC*1*WILLIAMS*MAURICE****MI*XA51473V~NM1*74*1*WILLIAMS*MAURICE*B~REF*EA*612204320~DTM*232*20180515~DTM*233*20180515~AMT*AU*25.95~SVC*HC:A0100*25.95*25.95**1~DTM*472*20180515~REF*G1*71131985970~AMT*B6*25.95~CLP*596369280*1*70*70**MC*1816300152451820*99*1~NM1*QC*1*CHEN*ROY****MI*MJ42714V~REF*EA*596369280~DTM*232*20180520~DTM*233*20180520~AMT*AU*70~SVC*HC:A0100:TN*70*70**2~DTM*472*20180520~REF*G1*11131983653~AMT*B6*70~CLP*609445700*1*51.9*51.9**MC*1816300152451920*99*1~NM1*QC*1*CHEN*ROY****MI*MJ42714V~REF*EA*609445700~DTM*232*20180519~DTM*233*20180519~AMT*AU*51.9~SVC*HC:A0100*51.9*51.9**2~DTM*472*20180519~REF*G1*21131984430~AMT*B6*51.9~CLP*479863850*1*50.4*0**MC*1816300172907330*99*1~NM1*QC*1*KUANG*CUI*Y***MI*XA99269A~REF*EA*479863850~REF*F8*1734500085812730~DTM*232*20171127~DTM*233*20171127~SVC*HC:A0100*50.4*0**0~DTM*472*20171127~CAS*CO*97*50.4~REF*G1*31125237679~LQ*HE*M86~CLP*508947870*1*50.4*0**MC*1816300176238030*99*1~NM1*QC*1*YUNG*CAESAR****MI*UU29016Z~REF*EA*508947870~DTM*232*20171120~DTM*233*20171120~SVC*HC:A0100*50.4*0**0~DTM*472*20171120~CAS*CO*15*50.4~LQ*HE*N517~CLP*508947870*1*50.4*0**MC*1816300178089130*99*1~NM1*QC*1*YUNG*CAESAR****MI*UU29016Z~REF*EA*508947870~DTM*232*20171120~DTM*233*20171120~SVC*HC:A0100*50.4*0**0~DTM*472*20171120~CAS*CO*15*50.4~LQ*HE*N517~CLP*508947870*1*51.9*50.4**MC*1816300178898530*99*1~NM1*QC*1*YUNG*CAESAR****MI*UU29016Z~REF*EA*508947870~DTM*232*20171120~DTM*233*20171120~AMT*AU*50.4~SVC*HC:A0100*51.9*50.4**2~DTM*472*20171120~CAS*CO*45*1.5~REF*G1*51125005494~AMT*B6*50.4~CLP*508955970*1*50.4*50.4**MC*1816300202076220*99*1~NM1*QC*1*YUNG*FELTON****MI*UU29036R~REF*EA*508955970~DTM*232*20171106~DTM*233*20171106~AMT*AU*50.4~SVC*HC:A0100*50.4*50.4**2~DTM*472*20171106~REF*G1*71124526697~AMT*B6*50.4~CLP*508955980*1*50.4*50.4**MC*1816300202076320*99*1~NM1*QC*1*YUNG*FELTON****MI*UU29036R~REF*EA*508955980~DTM*232*20171108~DTM*233*20171108~AMT*AU*50.4~SVC*HC:A0100*50.4*50.4**2~DTM*472*20171108~REF*G1*21124526722~AMT*B6*50.4~SE*6848*213002393~GE*1*183082674~IEA*1*183082674~